simulation_year,scenario_label,ntp_seconds_counter,unix_signed_counter,unix_64bit_counter,ntp_era,interpreted_ntp_year,interpreted_unix_year,interpreted_unix_year_64bit,overflow_event_flag,ntp_overflow_occurred,unix_overflow_occurred,time_error_ntp_seconds,time_error_unix_seconds,legacy_device_fraction_affected,patch_rate_per_year,initial_legacy_fraction,true_seconds_since_ntp_epoch,true_seconds_since_unix_epoch
2024.0,no_patch_legacy_only,3913142400.0,1704110400.0,1704110400.0,0.0,2024.0,2024.0,2024.0,0,0,0,0.0,0.0,1.0,0.0,1.0,3913142400.0,1704110400.0
2024.082136,no_patch_legacy_only,3915734399.9999995,1706702399.0,1706702399.0,0.0,2024.082135523614,2024.0821354919258,2024.0821354919258,0,0,0,0.0,0.0,1.0,0.0,1.0,3915734399.9999995,1706702399.9999993
2024.164271,no_patch_legacy_only,3918326399.9999986,1709294399.0,1709294399.0,0.0,2024.1642710472279,2024.1642710155397,2024.1642710155397,0,0,0,0.0,0.0,1.0,0.0,1.0,3918326399.9999986,1709294399.9999988
2024.246407,no_patch_legacy_only,3920918399.999998,1711886399.0,1711886399.0,0.0,2024.2464065708418,2024.246406539154,2024.246406539154,0,0,0,0.0,0.0,1.0,0.0,1.0,3920918399.999998,1711886399.999998
2024.328542,no_patch_legacy_only,3923510399.9999976,1714478399.0,1714478399.0,0.0,2024.3285420944558,2024.3285420627678,2024.3285420627678,0,0,0,0.0,0.0,1.0,0.0,1.0,3923510399.9999976,1714478399.9999974
2024.410678,no_patch_legacy_only,3926102399.9999967,1717070399.0,1717070399.0,0.0,2024.4106776180697,2024.4106775863818,2024.4106775863818,0,0,0,0.0,0.0,1.0,0.0,1.0,3926102399.9999967,1717070399.9999967
2024.492813,no_patch_legacy_only,3928694399.999996,1719662399.0,1719662399.0,0.0,2024.4928131416837,2024.4928131099957,2024.4928131099957,0,0,0,0.0,0.0,1.0,0.0,1.0,3928694399.999996,1719662399.9999962
2024.574949,no_patch_legacy_only,3931286399.999995,1722254399.0,1722254399.0,0.0,2024.5749486652976,2024.5749486336097,2024.5749486336097,0,0,0,0.0,0.0,1.0,0.0,1.0,3931286399.999995,1722254399.9999955
2024.657084,no_patch_legacy_only,3933878399.9999948,1724846399.0,1724846399.0,0.0,2024.6570841889115,2024.6570841572236,2024.6570841572236,0,0,0,0.0,0.0,1.0,0.0,1.0,3933878399.9999948,1724846399.9999948
2024.73922,no_patch_legacy_only,3936470399.9999943,1727438399.0,1727438399.0,0.0,2024.7392197125255,2024.7392196808376,2024.7392196808376,0,0,0,0.0,0.0,1.0,0.0,1.0,3936470399.9999943,1727438399.9999943
2024.821355,no_patch_legacy_only,3939062399.9999933,1730030399.0,1730030399.0,0.0,2024.8213552361394,2024.8213552044515,2024.8213552044515,0,0,0,0.0,0.0,1.0,0.0,1.0,3939062399.9999933,1730030399.9999936
2024.903491,no_patch_legacy_only,3941654399.999993,1732622399.0,1732622399.0,0.0,2024.9034907597534,2024.9034907280654,2024.9034907280654,0,0,0,0.0,0.0,1.0,0.0,1.0,3941654399.999993,1732622399.9999928
2024.985626,no_patch_legacy_only,3944246399.9999924,1735214399.0,1735214399.0,0.0,2024.9856262833673,2024.9856262516794,2024.9856262516794,0,0,0,0.0,0.0,1.0,0.0,1.0,3944246399.9999924,1735214399.9999921
2025.067762,no_patch_legacy_only,3946838399.9999914,1737806399.0,1737806399.0,0.0,2025.0677618069813,2025.0677617752935,2025.0677617752935,0,0,0,0.0,0.0,1.0,0.0,1.0,3946838399.9999914,1737806399.9999917
2025.149897,no_patch_legacy_only,3949430399.999991,1740398399.0,1740398399.0,0.0,2025.1498973305952,2025.1498972989075,2025.1498972989075,0,0,0,0.0,0.0,1.0,0.0,1.0,3949430399.999991,1740398399.999991
2025.232033,no_patch_legacy_only,3952022399.9999905,1742990399.0,1742990399.0,0.0,2025.2320328542091,2025.2320328225214,2025.2320328225214,0,0,0,0.0,0.0,1.0,0.0,1.0,3952022399.9999905,1742990399.9999902
2025.314168,no_patch_legacy_only,3954614399.9999895,1745582399.0,1745582399.0,0.0,2025.314168377823,2025.3141683461354,2025.3141683461354,0,0,0,0.0,0.0,1.0,0.0,1.0,3954614399.9999895,1745582399.9999895
2025.396304,no_patch_legacy_only,3957206399.999989,1748174399.0,1748174399.0,0.0,2025.396303901437,2025.3963038697493,2025.3963038697493,0,0,0,0.0,0.0,1.0,0.0,1.0,3957206399.999989,1748174399.999989
2025.478439,no_patch_legacy_only,3959798399.9999886,1750766399.0,1750766399.0,0.0,2025.478439425051,2025.4784393933633,2025.4784393933633,0,0,0,0.0,0.0,1.0,0.0,1.0,3959798399.9999886,1750766399.9999883
2025.560575,no_patch_legacy_only,3962390399.9999876,1753358399.0,1753358399.0,0.0,2025.560574948665,2025.5605749169772,2025.5605749169772,0,0,0,0.0,0.0,1.0,0.0,1.0,3962390399.9999876,1753358399.9999876
2025.64271,no_patch_legacy_only,3964982399.999987,1755950399.0,1755950399.0,0.0,2025.6427104722788,2025.6427104405911,2025.6427104405911,0,0,0,0.0,0.0,1.0,0.0,1.0,3964982399.999987,1755950399.9999871
2025.724846,no_patch_legacy_only,3967574399.999986,1758542399.0,1758542399.0,0.0,2025.7248459958928,2025.724845964205,2025.724845964205,0,0,0,0.0,0.0,1.0,0.0,1.0,3967574399.999986,1758542399.9999864
2025.806982,no_patch_legacy_only,3970166399.9999857,1761134399.0,1761134399.0,0.0,2025.8069815195067,2025.806981487819,2025.806981487819,0,0,0,0.0,0.0,1.0,0.0,1.0,3970166399.9999857,1761134399.9999857
2025.889117,no_patch_legacy_only,3972758399.999985,1763726399.0,1763726399.0,0.0,2025.8891170431207,2025.889117011433,2025.889117011433,0,0,0,0.0,0.0,1.0,0.0,1.0,3972758399.999985,1763726399.999985
2025.971253,no_patch_legacy_only,3975350399.9999843,1766318399.0,1766318399.0,0.0,2025.9712525667346,2025.971252535047,2025.971252535047,0,0,0,0.0,0.0,1.0,0.0,1.0,3975350399.9999843,1766318399.9999845
2026.053388,no_patch_legacy_only,3977942399.999984,1768910399.0,1768910399.0,0.0,2026.0533880903486,2026.053388058661,2026.053388058661,0,0,0,0.0,0.0,1.0,0.0,1.0,3977942399.999984,1768910399.9999838
2026.135524,no_patch_legacy_only,3980534399.9999833,1771502399.0,1771502399.0,0.0,2026.1355236139625,2026.135523582275,2026.135523582275,0,0,0,0.0,0.0,1.0,0.0,1.0,3980534399.9999833,1771502399.999983
2026.217659,no_patch_legacy_only,3983126399.9999824,1774094399.0,1774094399.0,0.0,2026.2176591375764,2026.217659105889,2026.217659105889,0,0,0,0.0,0.0,1.0,0.0,1.0,3983126399.9999824,1774094399.9999826
2026.299795,no_patch_legacy_only,3985718399.999982,1776686399.0,1776686399.0,0.0,2026.2997946611904,2026.299794629503,2026.299794629503,0,0,0,0.0,0.0,1.0,0.0,1.0,3985718399.999982,1776686399.9999819
2026.38193,no_patch_legacy_only,3988310399.9999814,1779278399.0,1779278399.0,0.0,2026.3819301848043,2026.3819301531169,2026.3819301531169,0,0,0,0.0,0.0,1.0,0.0,1.0,3988310399.9999814,1779278399.9999812
2026.464066,no_patch_legacy_only,3990902399.9999804,1781870399.0,1781870399.0,0.0,2026.4640657084183,2026.4640656767308,2026.4640656767308,0,0,0,0.0,0.0,1.0,0.0,1.0,3990902399.9999804,1781870399.9999804
2026.546201,no_patch_legacy_only,3993494399.99998,1784462399.0,1784462399.0,0.0,2026.5462012320322,2026.5462012003447,2026.5462012003447,0,0,0,0.0,0.0,1.0,0.0,1.0,3993494399.99998,1784462399.99998
2026.628337,no_patch_legacy_only,3996086399.999979,1787054399.0,1787054399.0,0.0,2026.6283367556462,2026.6283367239587,2026.6283367239587,0,0,0,0.0,0.0,1.0,0.0,1.0,3996086399.999979,1787054399.9999793
2026.710472,no_patch_legacy_only,3998678399.9999785,1789646399.0,1789646399.0,0.0,2026.71047227926,2026.7104722475726,2026.7104722475726,0,0,0,0.0,0.0,1.0,0.0,1.0,3998678399.9999785,1789646399.9999785
2026.792608,no_patch_legacy_only,4001270399.999978,1792238399.0,1792238399.0,0.0,2026.792607802874,2026.7926077711866,2026.7926077711866,0,0,0,0.0,0.0,1.0,0.0,1.0,4001270399.999978,1792238399.999978
2026.874743,no_patch_legacy_only,4003862399.999977,1794830399.0,1794830399.0,0.0,2026.874743326488,2026.8747432948005,2026.8747432948005,0,0,0,0.0,0.0,1.0,0.0,1.0,4003862399.999977,1794830399.9999774
2026.956879,no_patch_legacy_only,4006454399.9999766,1797422399.0,1797422399.0,0.0,2026.956878850102,2026.9568788184147,2026.9568788184147,0,0,0,0.0,0.0,1.0,0.0,1.0,4006454399.9999766,1797422399.9999766
2027.039014,no_patch_legacy_only,4009046399.999976,1800014399.0,1800014399.0,0.0,2027.0390143737159,2027.0390143420286,2027.0390143420286,0,0,0,0.0,0.0,1.0,0.0,1.0,4009046399.999976,1800014399.999976
2027.12115,no_patch_legacy_only,4011638399.999975,1802606399.0,1802606399.0,0.0,2027.1211498973298,2027.1211498656426,2027.1211498656426,0,0,0,0.0,0.0,1.0,0.0,1.0,4011638399.999975,1802606399.9999754
2027.203285,no_patch_legacy_only,4014230399.9999747,1805198399.0,1805198399.0,0.0,2027.2032854209438,2027.2032853892565,2027.2032853892565,0,0,0,0.0,0.0,1.0,0.0,1.0,4014230399.9999747,1805198399.9999747
2027.285421,no_patch_legacy_only,4016822399.9999743,1807790399.0,1807790399.0,0.0,2027.2854209445577,2027.2854209128704,2027.2854209128704,0,0,0,0.0,0.0,1.0,0.0,1.0,4016822399.9999743,1807790399.999974
2027.367556,no_patch_legacy_only,4019414399.9999733,1810382399.0,1810382399.0,0.0,2027.3675564681716,2027.3675564364844,2027.3675564364844,0,0,0,0.0,0.0,1.0,0.0,1.0,4019414399.9999733,1810382399.9999735
2027.449692,no_patch_legacy_only,4022006399.999973,1812974399.0,1812974399.0,0.0,2027.4496919917856,2027.4496919600983,2027.4496919600983,0,0,0,0.0,0.0,1.0,0.0,1.0,4022006399.999973,1812974399.9999728
2027.531828,no_patch_legacy_only,4024598399.9999723,1815566399.0,1815566399.0,0.0,2027.5318275153995,2027.5318274837123,2027.5318274837123,0,0,0,0.0,0.0,1.0,0.0,1.0,4024598399.9999723,1815566399.999972
2027.613963,no_patch_legacy_only,4027190399.9999714,1818158399.0,1818158399.0,0.0,2027.6139630390135,2027.6139630073262,2027.6139630073262,0,0,0,0.0,0.0,1.0,0.0,1.0,4027190399.9999714,1818158399.9999714
2027.696099,no_patch_legacy_only,4029782399.999971,1820750399.0,1820750399.0,0.0,2027.6960985626274,2027.6960985309402,2027.6960985309402,0,0,0,0.0,0.0,1.0,0.0,1.0,4029782399.999971,1820750399.999971
2027.778234,no_patch_legacy_only,4032374399.99997,1823342399.0,1823342399.0,0.0,2027.7782340862414,2027.778234054554,2027.778234054554,0,0,0,0.0,0.0,1.0,0.0,1.0,4032374399.99997,1823342399.9999702
2027.86037,no_patch_legacy_only,4034966399.9999695,1825934399.0,1825934399.0,0.0,2027.8603696098553,2027.8603695781683,2027.8603695781683,0,0,0,0.0,0.0,1.0,0.0,1.0,4034966399.9999695,1825934399.9999695
2027.942505,no_patch_legacy_only,4037558399.999969,1828526399.0,1828526399.0,0.0,2027.9425051334692,2027.9425051017822,2027.9425051017822,0,0,0,0.0,0.0,1.0,0.0,1.0,4037558399.999969,1828526399.9999688
2028.024641,no_patch_legacy_only,4040150399.999968,1831118399.0,1831118399.0,0.0,2028.0246406570832,2028.0246406253962,2028.0246406253962,0,0,0,0.0,0.0,1.0,0.0,1.0,4040150399.999968,1831118399.9999683
2028.106776,no_patch_legacy_only,4042742399.9999676,1833710399.0,1833710399.0,0.0,2028.1067761806971,2028.10677614901,2028.10677614901,0,0,0,0.0,0.0,1.0,0.0,1.0,4042742399.9999676,1833710399.9999676
2028.188912,no_patch_legacy_only,4045334399.999967,1836302399.0,1836302399.0,0.0,2028.188911704311,2028.188911672624,2028.188911672624,0,0,0,0.0,0.0,1.0,0.0,1.0,4045334399.999967,1836302399.9999669
2028.271047,no_patch_legacy_only,4047926399.999966,1838894399.0,1838894399.0,0.0,2028.271047227925,2028.271047196238,2028.271047196238,0,0,0,0.0,0.0,1.0,0.0,1.0,4047926399.999966,1838894399.9999664
2028.353183,no_patch_legacy_only,4050518399.9999657,1841486399.0,1841486399.0,0.0,2028.353182751539,2028.353182719852,2028.353182719852,0,0,0,0.0,0.0,1.0,0.0,1.0,4050518399.9999657,1841486399.9999657
2028.435318,no_patch_legacy_only,4053110399.999965,1844078399.0,1844078399.0,0.0,2028.435318275153,2028.4353182434659,2028.4353182434659,0,0,0,0.0,0.0,1.0,0.0,1.0,4053110399.999965,1844078399.999965
2028.517454,no_patch_legacy_only,4055702399.999964,1846670399.0,1846670399.0,0.0,2028.5174537987668,2028.5174537670798,2028.5174537670798,0,0,0,0.0,0.0,1.0,0.0,1.0,4055702399.999964,1846670399.9999642
2028.599589,no_patch_legacy_only,4058294399.9999638,1849262399.0,1849262399.0,0.0,2028.5995893223808,2028.5995892906938,2028.5995892906938,0,0,0,0.0,0.0,1.0,0.0,1.0,4058294399.9999638,1849262399.9999638
2028.681725,no_patch_legacy_only,4060886399.9999633,1851854399.0,1851854399.0,0.0,2028.6817248459947,2028.6817248143077,2028.6817248143077,0,0,0,0.0,0.0,1.0,0.0,1.0,4060886399.9999633,1851854399.999963
2028.76386,no_patch_legacy_only,4063478399.9999623,1854446399.0,1854446399.0,0.0,2028.7638603696087,2028.7638603379219,2028.7638603379219,0,0,0,0.0,0.0,1.0,0.0,1.0,4063478399.9999623,1854446399.9999623
2028.845996,no_patch_legacy_only,4066070399.999962,1857038399.0,1857038399.0,0.0,2028.8459958932226,2028.8459958615358,2028.8459958615358,0,0,0,0.0,0.0,1.0,0.0,1.0,4066070399.999962,1857038399.9999619
2028.928131,no_patch_legacy_only,4068662399.999961,1859630399.0,1859630399.0,0.0,2028.9281314168365,2028.9281313851498,2028.9281313851498,0,0,0,0.0,0.0,1.0,0.0,1.0,4068662399.999961,1859630399.9999611
2029.010267,no_patch_legacy_only,4071254399.9999604,1862222399.0,1862222399.0,0.0,2029.0102669404505,2029.0102669087637,2029.0102669087637,0,0,0,0.0,0.0,1.0,0.0,1.0,4071254399.9999604,1862222399.9999604
2029.092402,no_patch_legacy_only,4073846399.99996,1864814399.0,1864814399.0,0.0,2029.0924024640644,2029.0924024323776,2029.0924024323776,0,0,0,0.0,0.0,1.0,0.0,1.0,4073846399.99996,1864814399.9999597
2029.174538,no_patch_legacy_only,4076438399.999959,1867406399.0,1867406399.0,0.0,2029.1745379876784,2029.1745379559916,2029.1745379559916,0,0,0,0.0,0.0,1.0,0.0,1.0,4076438399.999959,1867406399.9999592
2029.256674,no_patch_legacy_only,4079030399.9999585,1869998399.0,1869998399.0,0.0,2029.2566735112923,2029.2566734796055,2029.2566734796055,0,0,0,0.0,0.0,1.0,0.0,1.0,4079030399.9999585,1869998399.9999585
2029.338809,no_patch_legacy_only,4081622399.999958,1872590399.0,1872590399.0,0.0,2029.3388090349063,2029.3388090032195,2029.3388090032195,0,0,0,0.0,0.0,1.0,0.0,1.0,4081622399.999958,1872590399.9999578
2029.420945,no_patch_legacy_only,4084214399.999957,1875182399.0,1875182399.0,0.0,2029.4209445585202,2029.4209445268334,2029.4209445268334,0,0,0,0.0,0.0,1.0,0.0,1.0,4084214399.999957,1875182399.9999573
2029.50308,no_patch_legacy_only,4086806399.9999566,1877774399.0,1877774399.0,0.0,2029.5030800821341,2029.5030800504474,2029.5030800504474,0,0,0,0.0,0.0,1.0,0.0,1.0,4086806399.9999566,1877774399.9999566
2029.585216,no_patch_legacy_only,4089398399.999956,1880366399.0,1880366399.0,0.0,2029.585215605748,2029.5852155740613,2029.5852155740613,0,0,0,0.0,0.0,1.0,0.0,1.0,4089398399.999956,1880366399.999956
2029.667351,no_patch_legacy_only,4091990399.999955,1882958399.0,1882958399.0,0.0,2029.667351129362,2029.6673510976755,2029.6673510976755,0,0,0,0.0,0.0,1.0,0.0,1.0,4091990399.999955,1882958399.9999552
2029.749487,no_patch_legacy_only,4094582399.9999547,1885550399.0,1885550399.0,0.0,2029.749486652976,2029.7494866212894,2029.7494866212894,0,0,0,0.0,0.0,1.0,0.0,1.0,4094582399.9999547,1885550399.9999547
2029.831622,no_patch_legacy_only,4097174399.9999537,1888142399.0,1888142399.0,0.0,2029.83162217659,2029.8316221449033,2029.8316221449033,0,0,0,0.0,0.0,1.0,0.0,1.0,4097174399.9999537,1888142399.999954
2029.913758,no_patch_legacy_only,4099766399.9999533,1890734399.0,1890734399.0,0.0,2029.9137577002039,2029.9137576685173,2029.9137576685173,0,0,0,0.0,0.0,1.0,0.0,1.0,4099766399.9999533,1890734399.9999533
2029.995893,no_patch_legacy_only,4102358399.999953,1893326399.0,1893326399.0,0.0,2029.9958932238178,2029.9958931921312,2029.9958931921312,0,0,0,0.0,0.0,1.0,0.0,1.0,4102358399.999953,1893326399.9999528
2030.078029,no_patch_legacy_only,4104950399.999952,1895918399.0,1895918399.0,0.0,2030.0780287474317,2030.0780287157452,2030.0780287157452,0,0,0,0.0,0.0,1.0,0.0,1.0,4104950399.999952,1895918399.999952
2030.160164,no_patch_legacy_only,4107542399.9999514,1898510399.0,1898510399.0,0.0,2030.1601642710457,2030.1601642393591,2030.1601642393591,0,0,0,0.0,0.0,1.0,0.0,1.0,4107542399.9999514,1898510399.9999514
2030.2423,no_patch_legacy_only,4110134399.999951,1901102399.0,1901102399.0,0.0,2030.2422997946596,2030.242299762973,2030.242299762973,0,0,0,0.0,0.0,1.0,0.0,1.0,4110134399.999951,1901102399.9999506
2030.324435,no_patch_legacy_only,4112726399.99995,1903694399.0,1903694399.0,0.0,2030.3244353182736,2030.324435286587,2030.324435286587,0,0,0,0.0,0.0,1.0,0.0,1.0,4112726399.99995,1903694399.9999502
2030.406571,no_patch_legacy_only,4115318399.9999495,1906286399.0,1906286399.0,0.0,2030.4065708418875,2030.406570810201,2030.406570810201,0,0,0,0.0,0.0,1.0,0.0,1.0,4115318399.9999495,1906286399.9999495
2030.488706,no_patch_legacy_only,4117910399.999949,1908878399.0,1908878399.0,0.0,2030.4887063655015,2030.488706333815,2030.488706333815,0,0,0,0.0,0.0,1.0,0.0,1.0,4117910399.999949,1908878399.9999487
2030.570842,no_patch_legacy_only,4120502399.999948,1911470399.0,1911470399.0,0.0,2030.5708418891154,2030.570841857429,2030.570841857429,0,0,0,0.0,0.0,1.0,0.0,1.0,4120502399.999948,1911470399.999948
2030.652977,no_patch_legacy_only,4123094399.9999475,1914062399.0,1914062399.0,0.0,2030.6529774127293,2030.652977381043,2030.652977381043,0,0,0,0.0,0.0,1.0,0.0,1.0,4123094399.9999475,1914062399.9999475
2030.735113,no_patch_legacy_only,4125686399.999947,1916654399.0,1916654399.0,0.0,2030.7351129363433,2030.735112904657,2030.735112904657,0,0,0,0.0,0.0,1.0,0.0,1.0,4125686399.999947,1916654399.9999468
2030.817248,no_patch_legacy_only,4128278399.999946,1919246399.0,1919246399.0,0.0,2030.8172484599572,2030.817248428271,2030.817248428271,0,0,0,0.0,0.0,1.0,0.0,1.0,4128278399.999946,1919246399.999946
2030.899384,no_patch_legacy_only,4130870399.9999456,1921838399.0,1921838399.0,0.0,2030.8993839835712,2030.8993839518848,2030.8993839518848,0,0,0,0.0,0.0,1.0,0.0,1.0,4130870399.9999456,1921838399.9999456
2030.98152,no_patch_legacy_only,4133462399.9999447,1924430399.0,1924430399.0,0.0,2030.981519507185,2030.9815194754988,2030.9815194754988,0,0,0,0.0,0.0,1.0,0.0,1.0,4133462399.9999447,1924430399.999945
2031.063655,no_patch_legacy_only,4136054399.999944,1927022399.0,1927022399.0,0.0,2031.063655030799,2031.0636549991127,2031.0636549991127,0,0,0,0.0,0.0,1.0,0.0,1.0,4136054399.999944,1927022399.9999442
2031.145791,no_patch_legacy_only,4138646399.9999437,1929614399.0,1929614399.0,0.0,2031.145790554413,2031.1457905227267,2031.1457905227267,0,0,0,0.0,0.0,1.0,0.0,1.0,4138646399.9999437,1929614399.9999435
2031.227926,no_patch_legacy_only,4141238399.999943,1932206399.0,1932206399.0,0.0,2031.227926078027,2031.2279260463406,2031.2279260463406,0,0,0,0.0,0.0,1.0,0.0,1.0,4141238399.999943,1932206399.999943
2031.310062,no_patch_legacy_only,4143830399.9999423,1934798399.0,1934798399.0,0.0,2031.3100616016409,2031.3100615699545,2031.3100615699545,0,0,0,0.0,0.0,1.0,0.0,1.0,4143830399.9999423,1934798399.9999423
2031.392197,no_patch_legacy_only,4146422399.999942,1937390399.0,1937390399.0,0.0,2031.3921971252548,2031.3921970935685,2031.3921970935685,0,0,0,0.0,0.0,1.0,0.0,1.0,4146422399.999942,1937390399.9999416
2031.474333,no_patch_legacy_only,4149014399.999941,1939982399.0,1939982399.0,0.0,2031.4743326488688,2031.4743326171827,2031.4743326171827,0,0,0,0.0,0.0,1.0,0.0,1.0,4149014399.999941,1939982399.999941
2031.556468,no_patch_legacy_only,4151606399.9999404,1942574399.0,1942574399.0,0.0,2031.5564681724827,2031.5564681407966,2031.5564681407966,0,0,0,0.0,0.0,1.0,0.0,1.0,4151606399.9999404,1942574399.9999404
2031.638604,no_patch_legacy_only,4154198399.99994,1945166399.0,1945166399.0,0.0,2031.6386036960967,2031.6386036644105,2031.6386036644105,0,0,0,0.0,0.0,1.0,0.0,1.0,4154198399.99994,1945166399.9999397
2031.720739,no_patch_legacy_only,4156790399.999939,1947758399.0,1947758399.0,0.0,2031.7207392197106,2031.7207391880245,2031.7207391880245,0,0,0,0.0,0.0,1.0,0.0,1.0,4156790399.999939,1947758399.999939
2031.802875,no_patch_legacy_only,4159382399.9999385,1950350399.0,1950350399.0,0.0,2031.8028747433245,2031.8028747116384,2031.8028747116384,0,0,0,0.0,0.0,1.0,0.0,1.0,4159382399.9999385,1950350399.9999385
2031.88501,no_patch_legacy_only,4161974399.9999375,1952942399.0,1952942399.0,0.0,2031.8850102669385,2031.8850102352524,2031.8850102352524,0,0,0,0.0,0.0,1.0,0.0,1.0,4161974399.9999375,1952942399.9999378
2031.967146,no_patch_legacy_only,4164566399.999937,1955534399.0,1955534399.0,0.0,2031.9671457905524,2031.9671457588663,2031.9671457588663,0,0,0,0.0,0.0,1.0,0.0,1.0,4164566399.999937,1955534399.999937
2032.049281,no_patch_legacy_only,4167158399.9999366,1958126399.0,1958126399.0,0.0,2032.0492813141664,2032.0492812824803,2032.0492812824803,0,0,0,0.0,0.0,1.0,0.0,1.0,4167158399.9999366,1958126399.9999366
2032.131417,no_patch_legacy_only,4169750399.9999356,1960718399.0,1960718399.0,0.0,2032.1314168377803,2032.1314168060942,2032.1314168060942,0,0,0,0.0,0.0,1.0,0.0,1.0,4169750399.9999356,1960718399.9999359
2032.213552,no_patch_legacy_only,4172342399.999935,1963310399.0,1963310399.0,0.0,2032.2135523613942,2032.2135523297081,2032.2135523297081,0,0,0,0.0,0.0,1.0,0.0,1.0,4172342399.999935,1963310399.9999352
2032.295688,no_patch_legacy_only,4174934399.9999347,1965902399.0,1965902399.0,0.0,2032.2956878850082,2032.295687853322,2032.295687853322,0,0,0,0.0,0.0,1.0,0.0,1.0,4174934399.9999347,1965902399.9999344
2032.377823,no_patch_legacy_only,4177526399.9999337,1968494399.0,1968494399.0,0.0,2032.3778234086221,2032.3778233769362,2032.3778233769362,0,0,0,0.0,0.0,1.0,0.0,1.0,4177526399.9999337,1968494399.999934
2032.459959,no_patch_legacy_only,4180118399.9999332,1971086399.0,1971086399.0,0.0,2032.459958932236,2032.4599589005502,2032.4599589005502,0,0,0,0.0,0.0,1.0,0.0,1.0,4180118399.9999332,1971086399.9999332
2032.542094,no_patch_legacy_only,4182710399.999933,1973678399.0,1973678399.0,0.0,2032.54209445585,2032.5420944241641,2032.5420944241641,0,0,0,0.0,0.0,1.0,0.0,1.0,4182710399.999933,1973678399.9999325
2032.62423,no_patch_legacy_only,4185302399.999932,1976270399.0,1976270399.0,0.0,2032.624229979464,2032.624229947778,2032.624229947778,0,0,0,0.0,0.0,1.0,0.0,1.0,4185302399.999932,1976270399.9999318
2032.706366,no_patch_legacy_only,4187894399.9999313,1978862399.0,1978862399.0,0.0,2032.706365503078,2032.706365471392,2032.706365471392,0,0,0,0.0,0.0,1.0,0.0,1.0,4187894399.9999313,1978862399.9999313
2032.788501,no_patch_legacy_only,4190486399.999931,1981454399.0,1981454399.0,0.0,2032.7885010266918,2032.788500995006,2032.788500995006,0,0,0,0.0,0.0,1.0,0.0,1.0,4190486399.999931,1981454399.9999306
2032.870637,no_patch_legacy_only,4193078399.99993,1984046399.0,1984046399.0,0.0,2032.8706365503058,2032.87063651862,2032.87063651862,0,0,0,0.0,0.0,1.0,0.0,1.0,4193078399.99993,1984046399.99993
2032.952772,no_patch_legacy_only,4195670399.9999294,1986638399.0,1986638399.0,0.0,2032.9527720739197,2032.9527720422338,2032.9527720422338,0,0,0,0.0,0.0,1.0,0.0,1.0,4195670399.9999294,1986638399.9999294
2033.034908,no_patch_legacy_only,4198262399.9999285,1989230399.0,1989230399.0,0.0,2033.0349075975337,2033.0349075658478,2033.0349075658478,0,0,0,0.0,0.0,1.0,0.0,1.0,4198262399.9999285,1989230399.9999287
2033.117043,no_patch_legacy_only,4200854399.999928,1991822399.0,1991822399.0,0.0,2033.1170431211476,2033.1170430894617,2033.1170430894617,0,0,0,0.0,0.0,1.0,0.0,1.0,4200854399.999928,1991822399.999928
2033.199179,no_patch_legacy_only,4203446399.9999275,1994414399.0,1994414399.0,0.0,2033.1991786447616,2033.1991786130757,2033.1991786130757,0,0,0,0.0,0.0,1.0,0.0,1.0,4203446399.9999275,1994414399.9999273
2033.281314,no_patch_legacy_only,4206038399.9999266,1997006399.0,1997006399.0,0.0,2033.2813141683755,2033.2813141366898,2033.2813141366898,0,0,0,0.0,0.0,1.0,0.0,1.0,4206038399.9999266,1997006399.9999268
2033.36345,no_patch_legacy_only,4208630399.999926,1999598399.0,1999598399.0,0.0,2033.3634496919894,2033.3634496603038,2033.3634496603038,0,0,0,0.0,0.0,1.0,0.0,1.0,4208630399.999926,1999598399.999926
2033.445585,no_patch_legacy_only,4211222399.9999256,2002190399.0,2002190399.0,0.0,2033.4455852156034,2033.4455851839177,2033.4455851839177,0,0,0,0.0,0.0,1.0,0.0,1.0,4211222399.9999256,2002190399.9999254
2033.527721,no_patch_legacy_only,4213814399.9999247,2004782399.0,2004782399.0,0.0,2033.5277207392173,2033.5277207075317,2033.5277207075317,0,0,0,0.0,0.0,1.0,0.0,1.0,4213814399.9999247,2004782399.999925
2033.609856,no_patch_legacy_only,4216406399.999924,2007374399.0,2007374399.0,0.0,2033.6098562628313,2033.6098562311456,2033.6098562311456,0,0,0,0.0,0.0,1.0,0.0,1.0,4216406399.999924,2007374399.9999242
2033.691992,no_patch_legacy_only,4218998399.9999237,2009966399.0,2009966399.0,0.0,2033.6919917864452,2033.6919917547596,2033.6919917547596,0,0,0,0.0,0.0,1.0,0.0,1.0,4218998399.9999237,2009966399.9999235
2033.774127,no_patch_legacy_only,4221590399.9999228,2012558399.0,2012558399.0,0.0,2033.7741273100592,2033.7741272783735,2033.7741272783735,0,0,0,0.0,0.0,1.0,0.0,1.0,4221590399.9999228,2012558399.9999228
2033.856263,no_patch_legacy_only,4224182399.9999223,2015150399.0,2015150399.0,0.0,2033.856262833673,2033.8562628019874,2033.8562628019874,0,0,0,0.0,0.0,1.0,0.0,1.0,4224182399.9999223,2015150399.9999223
2033.938398,no_patch_legacy_only,4226774399.9999213,2017742399.0,2017742399.0,0.0,2033.938398357287,2033.9383983256014,2033.9383983256014,0,0,0,0.0,0.0,1.0,0.0,1.0,4226774399.9999213,2017742399.9999216
2034.020534,no_patch_legacy_only,4229366399.999921,2020334399.0,2020334399.0,0.0,2034.020533880901,2034.0205338492153,2034.0205338492153,0,0,0,0.0,0.0,1.0,0.0,1.0,4229366399.999921,2020334399.9999208
2034.102669,no_patch_legacy_only,4231958399.9999204,2022926399.0,2022926399.0,0.0,2034.102669404515,2034.1026693728293,2034.1026693728293,0,0,0,0.0,0.0,1.0,0.0,1.0,4231958399.9999204,2022926399.9999204
2034.184805,no_patch_legacy_only,4234550399.9999194,2025518399.0,2025518399.0,0.0,2034.1848049281289,2034.1848048964434,2034.1848048964434,0,0,0,0.0,0.0,1.0,0.0,1.0,4234550399.9999194,2025518399.9999197
2034.26694,no_patch_legacy_only,4237142399.999919,2028110399.0,2028110399.0,0.0,2034.2669404517428,2034.2669404200574,2034.2669404200574,0,0,0,0.0,0.0,1.0,0.0,1.0,4237142399.999919,2028110399.999919
2034.349076,no_patch_legacy_only,4239734399.9999185,2030702399.0,2030702399.0,0.0,2034.3490759753568,2034.3490759436713,2034.3490759436713,0,0,0,0.0,0.0,1.0,0.0,1.0,4239734399.9999185,2030702399.9999182
2034.431211,no_patch_legacy_only,4242326399.9999175,2033294399.0,2033294399.0,0.0,2034.4312114989707,2034.4312114672853,2034.4312114672853,0,0,0,0.0,0.0,1.0,0.0,1.0,4242326399.9999175,2033294399.9999177
2034.513347,no_patch_legacy_only,4244918399.999917,2035886399.0,2035886399.0,0.0,2034.5133470225846,2034.5133469908992,2034.5133469908992,0,0,0,0.0,0.0,1.0,0.0,1.0,4244918399.999917,2035886399.999917
2034.595483,no_patch_legacy_only,4247510399.9999166,2038478399.0,2038478399.0,0.0,2034.5954825461986,2034.5954825145132,2034.5954825145132,0,0,0,0.0,0.0,1.0,0.0,1.0,4247510399.9999166,2038478399.9999163
2034.677618,no_patch_legacy_only,4250102399.9999156,2041070399.0,2041070399.0,0.0,2034.6776180698125,2034.677618038127,2034.677618038127,0,0,0,0.0,0.0,1.0,0.0,1.0,4250102399.9999156,2041070399.9999158
2034.759754,no_patch_legacy_only,4252694399.999915,2043662399.0,2043662399.0,0.0,2034.7597535934265,2034.759753561741,2034.759753561741,0,0,0,0.0,0.0,1.0,0.0,1.0,4252694399.999915,2043662399.9999151
2034.841889,no_patch_legacy_only,4255286399.9999146,2046254399.0,2046254399.0,0.0,2034.8418891170404,2034.841889085355,2034.841889085355,0,0,0,0.0,0.0,1.0,0.0,1.0,4255286399.9999146,2046254399.9999144
2034.924025,no_patch_legacy_only,4257878399.9999137,2048846399.0,2048846399.0,0.0,2034.9240246406544,2034.924024608969,2034.924024608969,0,0,0,0.0,0.0,1.0,0.0,1.0,4257878399.9999137,2048846399.9999137
2035.00616,no_patch_legacy_only,4260470399.999913,2051438399.0,2051438399.0,0.0,2035.0061601642683,2035.0061601325829,2035.0061601325829,0,0,0,0.0,0.0,1.0,0.0,1.0,4260470399.999913,2051438399.9999132
2035.088296,no_patch_legacy_only,4263062399.9999123,2054030399.0,2054030399.0,0.0,2035.0882956878822,2035.0882956561968,2035.0882956561968,0,0,0,0.0,0.0,1.0,0.0,1.0,4263062399.9999123,2054030399.9999125
2035.170431,no_patch_legacy_only,4265654399.999912,2056622399.0,2056622399.0,0.0,2035.1704312114962,2035.170431179811,2035.170431179811,0,0,0,0.0,0.0,1.0,0.0,1.0,4265654399.999912,2056622399.9999118
2035.252567,no_patch_legacy_only,4268246399.9999113,2059214399.0,2059214399.0,0.0,2035.2525667351101,2035.252566703425,2035.252566703425,0,0,0,0.0,0.0,1.0,0.0,1.0,4268246399.9999113,2059214399.999911
2035.334702,no_patch_legacy_only,4270838399.9999104,2061806399.0,2061806399.0,0.0,2035.334702258724,2035.3347022270389,2035.3347022270389,0,0,0,0.0,0.0,1.0,0.0,1.0,4270838399.9999104,2061806399.9999106
2035.416838,no_patch_legacy_only,4273430399.99991,2064398399.0,2064398399.0,0.0,2035.416837782338,2035.4168377506528,2035.4168377506528,0,0,0,0.0,0.0,1.0,0.0,1.0,4273430399.99991,2064398399.9999099
2035.498973,no_patch_legacy_only,4276022399.9999094,2066990399.0,2066990399.0,0.0,2035.498973305952,2035.4989732742667,2035.4989732742667,0,0,0,0.0,0.0,1.0,0.0,1.0,4276022399.9999094,2066990399.9999092
2035.581109,no_patch_legacy_only,4278614399.9999084,2069582399.0,2069582399.0,0.0,2035.581108829566,2035.5811087978807,2035.5811087978807,0,0,0,0.0,0.0,1.0,0.0,1.0,4278614399.9999084,2069582399.9999087
2035.663244,no_patch_legacy_only,4281206399.999908,2072174399.0,2072174399.0,0.0,2035.6632443531798,2035.6632443214946,2035.6632443214946,0,0,0,0.0,0.0,1.0,0.0,1.0,4281206399.999908,2072174399.999908
2035.74538,no_patch_legacy_only,4283798399.9999075,2074766399.0,2074766399.0,0.0,2035.7453798767938,2035.7453798451086,2035.7453798451086,0,0,0,0.0,0.0,1.0,0.0,1.0,4283798399.9999075,2074766399.9999073
2035.827515,no_patch_legacy_only,4286390399.9999065,2077358399.0,2077358399.0,0.0,2035.8275154004077,2035.8275153687225,2035.8275153687225,0,0,0,0.0,0.0,1.0,0.0,1.0,4286390399.9999065,2077358399.9999065
2035.909651,no_patch_legacy_only,4288982399.999906,2079950399.0,2079950399.0,0.0,2035.9096509240217,2035.9096508923365,2035.9096508923365,0,0,0,0.0,0.0,1.0,0.0,1.0,4288982399.999906,2079950399.999906
2035.991786,no_patch_legacy_only,4291574399.9999056,2082542399.0,2082542399.0,0.0,2035.9917864476356,2035.9917864159506,2035.9917864159506,0,0,0,0.0,0.0,1.0,0.0,1.0,4291574399.9999056,2082542399.9999053
2036.073922,no_patch_legacy_only,4294166399.9999046,2085134399.0,2085134399.0,0.0,2036.0739219712495,2036.0739219395646,2036.0739219395646,0,0,0,0.0,0.0,1.0,0.0,1.0,4294166399.9999046,2085134399.9999046
2036.156057,no_patch_legacy_only,1791103.999903679,2087726399.0,2087726399.0,0.0,1900.0567566608331,2036.1560574631785,2036.1560574631785,1,1,0,4294967295.0,0.0,1.0,0.0,1.0,4296758399.999904,2087726399.9999042
2036.238193,no_patch_legacy_only,4383103.999903679,2090318399.0,2090318399.0,0.0,1900.138892184447,2036.2381929867925,2036.2381929867925,0,1,0,4294967295.0,0.0,1.0,0.0,1.0,4299350399.999904,2090318399.9999034
2036.320329,no_patch_legacy_only,6975103.999902725,2092910399.0,2092910399.0,0.0,1900.221027708061,2036.3203285104064,2036.3203285104064,0,1,0,4294967295.0,0.0,1.0,0.0,1.0,4301942399.999903,2092910399.9999027
2036.402464,no_patch_legacy_only,9567103.999901772,2095502399.0,2095502399.0,0.0,1900.303163231675,2036.4024640340203,2036.4024640340203,0,1,0,4294967295.0,0.0,1.0,0.0,1.0,4304534399.999902,2095502399.999902
2036.4846,no_patch_legacy_only,12159103.999901772,2098094399.0,2098094399.0,0.0,1900.3852987552889,2036.4845995576343,2036.4845995576343,0,1,0,4294967295.0,0.0,1.0,0.0,1.0,4307126399.999902,2098094399.9999015
2036.566735,no_patch_legacy_only,14751103.999900818,2100686399.0,2100686399.0,0.0,1900.4674342789028,2036.5667350812482,2036.5667350812482,0,1,0,4294967295.0,0.0,1.0,0.0,1.0,4309718399.999901,2100686399.9999008
2036.648871,no_patch_legacy_only,17343103.999899864,2103278399.0,2103278399.0,0.0,1900.5495698025168,2036.6488706048622,2036.6488706048622,0,1,0,4294967295.0,0.0,1.0,0.0,1.0,4312310399.9999,2103278399.9999
2036.731006,no_patch_legacy_only,19935103.999899864,2105870399.0,2105870399.0,0.0,1900.6317053261307,2036.731006128476,2036.731006128476,0,1,0,4294967295.0,0.0,1.0,0.0,1.0,4314902399.9999,2105870399.9998996
2036.813142,no_patch_legacy_only,22527103.99989891,2108462399.0,2108462399.0,0.0,1900.7138408497447,2036.81314165209,2036.81314165209,0,1,0,4294967295.0,0.0,1.0,0.0,1.0,4317494399.999899,2108462399.999899
2036.895277,no_patch_legacy_only,25119103.999897957,2111054399.0,2111054399.0,0.0,1900.7959763733586,2036.895277175704,2036.895277175704,0,1,0,4294967295.0,0.0,1.0,0.0,1.0,4320086399.999898,2111054399.9998982
2036.977413,no_patch_legacy_only,27711103.999897957,2113646399.0,2113646399.0,0.0,1900.8781118969725,2036.9774126993182,2036.9774126993182,0,1,0,4294967295.0,0.0,1.0,0.0,1.0,4322678399.999898,2113646399.9998975
2037.059548,no_patch_legacy_only,30303103.999897003,2116238399.0,2116238399.0,0.0,1900.9602474205865,2037.059548222932,2037.059548222932,0,1,0,4294967295.0,0.0,1.0,0.0,1.0,4325270399.999897,2116238399.999897
2037.141684,no_patch_legacy_only,32895103.99989605,2118830399.0,2118830399.0,0.0,1901.0423829442004,2037.141683746546,2037.141683746546,0,1,0,4294967295.0,0.0,1.0,0.0,1.0,4327862399.999896,2118830399.9998963
2037.223819,no_patch_legacy_only,35487103.99989605,2121422399.0,2121422399.0,0.0,1901.1245184678144,2037.22381927016,2037.22381927016,0,1,0,4294967295.0,0.0,1.0,0.0,1.0,4330454399.999896,2121422399.9998956
2037.305955,no_patch_legacy_only,38079103.999895096,2124014399.0,2124014399.0,0.0,1901.2066539914283,2037.305954793774,2037.305954793774,0,1,0,4294967295.0,0.0,1.0,0.0,1.0,4333046399.999895,2124014399.999895
2037.38809,no_patch_legacy_only,40671103.99989414,2126606399.0,2126606399.0,0.0,1901.2887895150423,2037.3880903173879,2037.3880903173879,0,1,0,4294967295.0,0.0,1.0,0.0,1.0,4335638399.999894,2126606399.9998944
2037.470226,no_patch_legacy_only,43263103.99989414,2129198399.0,2129198399.0,0.0,1901.3709250386562,2037.4702258410018,2037.4702258410018,0,1,0,4294967295.0,0.0,1.0,0.0,1.0,4338230399.999894,2129198399.9998937
2037.552361,no_patch_legacy_only,45855103.99989319,2131790399.0,2131790399.0,0.0,1901.4530605622701,2037.5523613646158,2037.5523613646158,0,1,0,4294967295.0,0.0,1.0,0.0,1.0,4340822399.999893,2131790399.999893
2037.634497,no_patch_legacy_only,48447103.999892235,2134382399.0,2134382399.0,0.0,1901.535196085884,2037.6344968882297,2037.6344968882297,0,1,0,4294967295.0,0.0,1.0,0.0,1.0,4343414399.999892,2134382399.9998925
2037.716632,no_patch_legacy_only,51039103.99989128,2136974399.0,2136974399.0,0.0,1901.617331609498,2037.7166324118436,2037.7166324118436,0,1,0,4294967295.0,0.0,1.0,0.0,1.0,4346006399.999891,2136974399.9998918
2037.798768,no_patch_legacy_only,53631103.99989128,2139566399.0,2139566399.0,0.0,1901.699467133112,2037.7987679354578,2037.7987679354578,0,1,0,4294967295.0,0.0,1.0,0.0,1.0,4348598399.999891,2139566399.999891
2037.880903,no_patch_legacy_only,56223103.99989033,2142158399.0,2142158399.0,0.0,1901.781602656726,2037.8809034590718,2037.8809034590718,0,1,0,4294967295.0,0.0,1.0,0.0,1.0,4351190399.99989,2142158399.9998903
2037.963039,no_patch_legacy_only,58815103.999889374,2144750399.0,2144750399.0,0.0,1901.8637381803399,2037.9630389826857,2037.9630389826857,0,1,0,4294967295.0,0.0,1.0,0.0,1.0,4353782399.999889,2144750399.9998899
2038.045175,no_patch_legacy_only,61407103.999889374,2147342399.0,2147342399.0,0.0,1901.9458737039538,2038.0451745062996,2038.0451745062996,0,1,0,4294967295.0,0.0,1.0,0.0,1.0,4356374399.999889,2147342399.9998891
2038.12731,no_patch_legacy_only,63999103.99988842,-2145032897.0,2149934399.0,0.0,1902.0280092275677,1902.028009195883,2038.1273100299136,1,1,1,4294967295.0,4294967295.0,1.0,0.0,1.0,4358966399.999888,2149934399.9998884
2038.209446,no_patch_legacy_only,66591103.99988747,-2142440897.0,2152526399.0,0.0,1902.1101447511817,1902.110144719497,2038.2094455535275,1,1,1,4294967295.0,4294967295.0,1.0,0.0,1.0,4361558399.999887,2152526399.999888
2038.291581,no_patch_legacy_only,69183103.99988747,-2139848897.0,2155118399.0,0.0,1902.1922802747956,1902.192280243111,2038.2915810771415,1,1,1,4294967295.0,4294967295.0,1.0,0.0,1.0,4364150399.999887,2155118399.999887
2038.373717,no_patch_legacy_only,71775103.99988651,-2137256897.0,2157710399.0,0.0,1902.2744157984096,1902.274415766725,2038.3737166007554,1,1,1,4294967295.0,4294967295.0,1.0,0.0,1.0,4366742399.9998865,2157710399.9998865
2038.455852,no_patch_legacy_only,74367103.99988556,-2134664897.0,2160302399.0,0.0,1902.3565513220235,1902.356551290339,2038.4558521243694,1,1,1,4294967295.0,4294967295.0,1.0,0.0,1.0,4369334399.999886,2160302399.999886
2038.537988,no_patch_legacy_only,76959103.99988556,-2132072897.0,2162894399.0,0.0,1902.4386868456374,1902.438686813953,2038.5379876479833,1,1,1,4294967295.0,4294967295.0,1.0,0.0,1.0,4371926399.999886,2162894399.999885
2038.620123,no_patch_legacy_only,79551103.9998846,-2129480897.0,2165486399.0,0.0,1902.5208223692514,1902.5208223375669,2038.6201231715972,1,1,1,4294967295.0,4294967295.0,1.0,0.0,1.0,4374518399.999885,2165486399.9998846
2038.702259,no_patch_legacy_only,82143103.99988365,-2126888897.0,2168078399.0,0.0,1902.6029578928653,1902.6029578611808,2038.7022586952112,1,1,1,4294967295.0,4294967295.0,1.0,0.0,1.0,4377110399.999884,2168078399.999884
2038.784394,no_patch_legacy_only,84735103.99988365,-2124296897.0,2170670399.0,0.0,1902.6850934164793,1902.6850933847948,2038.7843942188254,1,1,1,4294967295.0,4294967295.0,1.0,0.0,1.0,4379702399.999884,2170670399.999883
2038.86653,no_patch_legacy_only,87327103.9998827,-2121704897.0,2173262399.0,0.0,1902.7672289400932,1902.7672289084087,2038.8665297424393,1,1,1,4294967295.0,4294967295.0,1.0,0.0,1.0,4382294399.999883,2173262399.9998827
2038.948665,no_patch_legacy_only,89919103.99988174,-2119112897.0,2175854399.0,0.0,1902.8493644637072,1902.8493644320226,2038.9486652660532,1,1,1,4294967295.0,4294967295.0,1.0,0.0,1.0,4384886399.999882,2175854399.999882
2039.030801,no_patch_legacy_only,92511103.99988174,-2116520897.0,2178446399.0,0.0,1902.931499987321,1902.9314999556366,2039.0308007896672,1,1,1,4294967295.0,4294967295.0,1.0,0.0,1.0,4387478399.999882,2178446399.9998813
2039.112936,no_patch_legacy_only,95103103.99988079,-2113928897.0,2181038399.0,0.0,1903.013635510935,1903.0136354792508,2039.1129363132811,1,1,1,4294967295.0,4294967295.0,1.0,0.0,1.0,4390070399.999881,2181038399.999881
2039.195072,no_patch_legacy_only,97695103.99987984,-2111336897.0,2183630399.0,0.0,1903.095771034549,1903.0957710028647,2039.195071836895,1,1,1,4294967295.0,4294967295.0,1.0,0.0,1.0,4392662399.99988,2183630399.99988
2039.277207,no_patch_legacy_only,100287103.99987984,-2108744897.0,2186222399.0,0.0,1903.177906558163,1903.1779065264786,2039.277207360509,1,1,1,4294967295.0,4294967295.0,1.0,0.0,1.0,4395254399.99988,2186222399.9998794
2039.359343,no_patch_legacy_only,102879103.99987888,-2106152897.0,2188814399.0,0.0,1903.2600420817769,1903.2600420500926,2039.359342884123,1,1,1,4294967295.0,4294967295.0,1.0,0.0,1.0,4397846399.999879,2188814399.999879
2039.441478,no_patch_legacy_only,105471103.99987793,-2103560897.0,2191406399.0,0.0,1903.3421776053908,1903.3421775737065,2039.441478407737,1,1,1,4294967295.0,4294967295.0,1.0,0.0,1.0,4400438399.999878,2191406399.999878
2039.523614,no_patch_legacy_only,108063103.99987793,-2100968897.0,2193998399.0,0.0,1903.4243131290048,1903.4243130973205,2039.5236139313508,1,1,1,4294967295.0,4294967295.0,1.0,0.0,1.0,4403030399.999878,2193998399.9998775
2039.605749,no_patch_legacy_only,110655103.99987698,-2098376897.0,2196590399.0,0.0,1903.5064486526187,1903.5064486209344,2039.605749454965,1,1,1,4294967295.0,4294967295.0,1.0,0.0,1.0,4405622399.999877,2196590399.999877
2039.687885,no_patch_legacy_only,113247103.99987602,-2095784897.0,2199182399.0,0.0,1903.5885841762326,1903.5885841445483,2039.687884978579,1,1,1,4294967295.0,4294967295.0,1.0,0.0,1.0,4408214399.999876,2199182399.999876
2039.770021,no_patch_legacy_only,115839103.99987507,-2093192897.0,2201774399.0,0.0,1903.6707196998466,1903.6707196681623,2039.770020502193,1,1,1,4294967295.0,4294967295.0,1.0,0.0,1.0,4410806399.999875,2201774399.9998755
2039.852156,no_patch_legacy_only,118431103.99987507,-2090600897.0,2204366399.0,0.0,1903.7528552234605,1903.7528551917762,2039.8521560258068,1,1,1,4294967295.0,4294967295.0,1.0,0.0,1.0,4413398399.999875,2204366399.999875
2039.934292,no_patch_legacy_only,121023103.99987411,-2088008897.0,2206958399.0,0.0,1903.8349907470745,1903.8349907153902,2039.9342915494208,1,1,1,4294967295.0,4294967295.0,1.0,0.0,1.0,4415990399.999874,2206958399.999874
2040.016427,no_patch_legacy_only,123615103.99987316,-2085416897.0,2209550399.0,0.0,1903.9171262706884,1903.9171262390041,2040.0164270730347,1,1,1,4294967295.0,4294967295.0,1.0,0.0,1.0,4418582399.999873,2209550399.9998736
2040.098563,no_patch_legacy_only,126207103.99987316,-2082824897.0,2212142399.0,0.0,1903.9992617943024,1903.9992617626183,2040.0985625966487,1,1,1,4294967295.0,4294967295.0,1.0,0.0,1.0,4421174399.999873,2212142399.999873
2040.180698,no_patch_legacy_only,128799103.99987221,-2080232897.0,2214734399.0,0.0,1904.0813973179163,1904.0813972862322,2040.1806981202626,1,1,1,4294967295.0,4294967295.0,1.0,0.0,1.0,4423766399.999872,2214734399.999872
2040.262834,no_patch_legacy_only,131391103.99987125,-2077640897.0,2217326399.0,0.0,1904.1635328415302,1904.1635328098462,2040.2628336438765,1,1,1,4294967295.0,4294967295.0,1.0,0.0,1.0,4426358399.999871,2217326399.9998717
2040.344969,no_patch_legacy_only,133983103.99987125,-2075048897.0,2219918399.0,0.0,1904.2456683651442,1904.2456683334601,2040.3449691674905,1,1,1,4294967295.0,4294967295.0,1.0,0.0,1.0,4428950399.999871,2219918399.999871
2040.427105,no_patch_legacy_only,136575103.9998703,-2072456897.0,2222510399.0,0.0,1904.3278038887581,1904.327803857074,2040.4271046911044,1,1,1,4294967295.0,4294967295.0,1.0,0.0,1.0,4431542399.99987,2222510399.9998703
2040.50924,no_patch_legacy_only,139167103.99986935,-2069864897.0,2225102399.0,0.0,1904.409939412372,1904.409939380688,2040.5092402147184,1,1,1,4294967295.0,4294967295.0,1.0,0.0,1.0,4434134399.999869,2225102399.99987
2040.591376,no_patch_legacy_only,141759103.99986935,-2067272897.0,2227694399.0,0.0,1904.492074935986,1904.492074904302,2040.5913757383325,1,1,1,4294967295.0,4294967295.0,1.0,0.0,1.0,4436726399.999869,2227694399.999869
2040.673511,no_patch_legacy_only,144351103.9998684,-2064680897.0,2230286399.0,0.0,1904.5742104596,1904.574210427916,2040.6735112619465,1,1,1,4294967295.0,4294967295.0,1.0,0.0,1.0,4439318399.999868,2230286399.9998684
2040.755647,no_patch_legacy_only,146943103.99986744,-2062088897.0,2232878399.0,0.0,1904.656345983214,1904.6563459515298,2040.7556467855604,1,1,1,4294967295.0,4294967295.0,1.0,0.0,1.0,4441910399.999867,2232878399.999868
2040.837782,no_patch_legacy_only,149535103.99986744,-2059496897.0,2235470399.0,0.0,1904.7384815068278,1904.7384814751438,2040.8377823091744,1,1,1,4294967295.0,4294967295.0,1.0,0.0,1.0,4444502399.999867,2235470399.999867
2040.919918,no_patch_legacy_only,152127103.9998665,-2056904897.0,2238062399.0,0.0,1904.8206170304418,1904.820616998758,2040.9199178327883,1,1,1,4294967295.0,4294967295.0,1.0,0.0,1.0,4447094399.9998665,2238062399.9998665
2041.002053,no_patch_legacy_only,154719103.99986553,-2054312897.0,2240654399.0,0.0,1904.9027525540557,1904.9027525223719,2041.0020533564023,1,1,1,4294967295.0,4294967295.0,1.0,0.0,1.0,4449686399.999866,2240654399.999866
2041.084189,no_patch_legacy_only,157311103.99986553,-2051720897.0,2243246399.0,0.0,1904.9848880776697,1904.9848880459858,2041.0841888800162,1,1,1,4294967295.0,4294967295.0,1.0,0.0,1.0,4452278399.999866,2243246399.999865
2041.166324,no_patch_legacy_only,159903103.99986458,-2049128897.0,2245838399.0,0.0,1905.0670236012836,1905.0670235695998,2041.1663244036301,1,1,1,4294967295.0,4294967295.0,1.0,0.0,1.0,4454870399.999865,2245838399.9998646
2041.24846,no_patch_legacy_only,162495103.99986362,-2046536897.0,2248430399.0,0.0,1905.1491591248976,1905.1491590932137,2041.248459927244,1,1,1,4294967295.0,4294967295.0,1.0,0.0,1.0,4457462399.999864,2248430399.9998636
2041.330595,no_patch_legacy_only,165087103.99986362,-2043944897.0,2251022399.0,0.0,1905.2312946485115,1905.2312946168277,2041.330595450858,1,1,1,4294967295.0,4294967295.0,1.0,0.0,1.0,4460054399.999864,2251022399.999863
2041.412731,no_patch_legacy_only,167679103.99986267,-2041352897.0,2253614399.0,0.0,1905.3134301721254,1905.3134301404416,2041.4127309744722,1,1,1,4294967295.0,4294967295.0,1.0,0.0,1.0,4462646399.999863,2253614399.9998627
2041.494867,no_patch_legacy_only,170271103.99986172,-2038760897.0,2256206399.0,0.0,1905.3955656957394,1905.3955656640555,2041.4948664980861,1,1,1,4294967295.0,4294967295.0,1.0,0.0,1.0,4465238399.999862,2256206399.9998617
2041.577002,no_patch_legacy_only,172863103.99986172,-2036168897.0,2258798399.0,0.0,1905.4777012193533,1905.4777011876695,2041.5770020217,1,1,1,4294967295.0,4294967295.0,1.0,0.0,1.0,4467830399.999862,2258798399.9998612
2041.659138,no_patch_legacy_only,175455103.99986076,-2033576897.0,2261390399.0,0.0,1905.5598367429673,1905.5598367112834,2041.659137545314,1,1,1,4294967295.0,4294967295.0,1.0,0.0,1.0,4470422399.999861,2261390399.999861
2041.741273,no_patch_legacy_only,178047103.9998598,-2030984897.0,2263982399.0,0.0,1905.6419722665812,1905.6419722348974,2041.741273068928,1,1,1,4294967295.0,4294967295.0,1.0,0.0,1.0,4473014399.99986,2263982399.99986
2041.823409,no_patch_legacy_only,180639103.99985886,-2028392897.0,2266574399.0,0.0,1905.7241077901951,1905.7241077585113,2041.823408592542,1,1,1,4294967295.0,4294967295.0,1.0,0.0,1.0,4475606399.999859,2266574399.9998593
2041.905544,no_patch_legacy_only,183231103.99985886,-2025800897.0,2269166399.0,0.0,1905.806243313809,1905.8062432821255,2041.9055441161559,1,1,1,4294967295.0,4294967295.0,1.0,0.0,1.0,4478198399.999859,2269166399.999859
2041.98768,no_patch_legacy_only,185823103.9998579,-2023208897.0,2271758399.0,0.0,1905.888378837423,1905.8883788057394,2041.9876796397698,1,1,1,4294967295.0,4294967295.0,1.0,0.0,1.0,4480790399.999858,2271758399.999858
2042.069815,no_patch_legacy_only,188415103.99985695,-2020616897.0,2274350399.0,0.0,1905.970514361037,1905.9705143293534,2042.0698151633837,1,1,1,4294967295.0,4294967295.0,1.0,0.0,1.0,4483382399.999857,2274350399.9998574
2042.151951,no_patch_legacy_only,191007103.99985695,-2018024897.0,2276942399.0,0.0,1906.052649884651,1906.0526498529673,2042.1519506869977,1,1,1,4294967295.0,4294967295.0,1.0,0.0,1.0,4485974399.999857,2276942399.999857
2042.234086,no_patch_legacy_only,193599103.999856,-2015432897.0,2279534399.0,0.0,1906.1347854082649,1906.1347853765812,2042.2340862106116,1,1,1,4294967295.0,4294967295.0,1.0,0.0,1.0,4488566399.999856,2279534399.999856
2042.316222,no_patch_legacy_only,196191103.99985504,-2012840897.0,2282126399.0,0.0,1906.2169209318788,1906.2169209001952,2042.3162217342256,1,1,1,4294967295.0,4294967295.0,1.0,0.0,1.0,4491158399.999855,2282126399.9998555
2042.398357,no_patch_legacy_only,198783103.99985504,-2010248897.0,2284718399.0,0.0,1906.2990564554927,1906.2990564238091,2042.3983572578397,1,1,1,4294967295.0,4294967295.0,1.0,0.0,1.0,4493750399.999855,2284718399.9998546
2042.480493,no_patch_legacy_only,201375103.9998541,-2007656897.0,2287310399.0,0.0,1906.3811919791067,1906.381191947423,2042.4804927814537,1,1,1,4294967295.0,4294967295.0,1.0,0.0,1.0,4496342399.999854,2287310399.999854
2042.562628,no_patch_legacy_only,203967103.99985313,-2005064897.0,2289902399.0,0.0,1906.4633275027206,1906.463327471037,2042.5626283050676,1,1,1,4294967295.0,4294967295.0,1.0,0.0,1.0,4498934399.999853,2289902399.9998536
2042.644764,no_patch_legacy_only,206559103.99985313,-2002472897.0,2292494399.0,0.0,1906.5454630263346,1906.545462994651,2042.6447638286816,1,1,1,4294967295.0,4294967295.0,1.0,0.0,1.0,4501526399.999853,2292494399.9998527
2042.726899,no_patch_legacy_only,209151103.99985218,-1999880897.0,2295086399.0,0.0,1906.6275985499485,1906.627598518265,2042.7268993522955,1,1,1,4294967295.0,4294967295.0,1.0,0.0,1.0,4504118399.999852,2295086399.999852
2042.809035,no_patch_legacy_only,211743103.99985123,-1997288897.0,2297678399.0,0.0,1906.7097340735625,1906.709734041879,2042.8090348759094,1,1,1,4294967295.0,4294967295.0,1.0,0.0,1.0,4506710399.999851,2297678399.9998517
2042.89117,no_patch_legacy_only,214335103.99985123,-1994696897.0,2300270399.0,0.0,1906.7918695971764,1906.791869565493,2042.8911703995234,1,1,1,4294967295.0,4294967295.0,1.0,0.0,1.0,4509302399.999851,2300270399.9998507
2042.973306,no_patch_legacy_only,216927103.99985027,-1992104897.0,2302862399.0,0.0,1906.8740051207903,1906.874005089107,2042.9733059231373,1,1,1,4294967295.0,4294967295.0,1.0,0.0,1.0,4511894399.99985,2302862399.9998503
2043.055441,no_patch_legacy_only,219519103.99984932,-1989512897.0,2305454399.0,0.0,1906.9561406444043,1906.956140612721,2043.0554414467513,1,1,1,4294967295.0,4294967295.0,1.0,0.0,1.0,4514486399.999849,2305454399.99985
2043.137577,no_patch_legacy_only,222111103.99984932,-1986920897.0,2308046399.0,0.0,1907.0382761680182,1907.0382761363348,2043.1375769703652,1,1,1,4294967295.0,4294967295.0,1.0,0.0,1.0,4517078399.999849,2308046399.999849
2043.219713,no_patch_legacy_only,224703103.99984837,-1984328897.0,2310638399.0,0.0,1907.1204116916322,1907.1204116599488,2043.2197124939792,1,1,1,4294967295.0,4294967295.0,1.0,0.0,1.0,4519670399.999848,2310638399.9998484
2043.301848,no_patch_legacy_only,227295103.9998474,-1981736897.0,2313230399.0,0.0,1907.202547215246,1907.2025471835627,2043.3018480175933,1,1,1,4294967295.0,4294967295.0,1.0,0.0,1.0,4522262399.999847,2313230399.999848
2043.383984,no_patch_legacy_only,229887103.9998474,-1979144897.0,2315822399.0,0.0,1907.28468273886,1907.2846827071767,2043.3839835412073,1,1,1,4294967295.0,4294967295.0,1.0,0.0,1.0,4524854399.999847,2315822399.999847
2043.466119,no_patch_legacy_only,232479103.99984646,-1976552897.0,2318414399.0,0.0,1907.366818262474,1907.3668182307906,2043.4661190648212,1,1,1,4294967295.0,4294967295.0,1.0,0.0,1.0,4527446399.999846,2318414399.9998465
2043.548255,no_patch_legacy_only,235071103.9998455,-1973960897.0,2321006399.0,0.0,1907.448953786088,1907.4489537544046,2043.5482545884352,1,1,1,4294967295.0,4294967295.0,1.0,0.0,1.0,4530038399.9998455,2321006399.9998455
2043.63039,no_patch_legacy_only,237663103.9998455,-1971368897.0,2323598399.0,0.0,1907.5310893097019,1907.5310892780185,2043.630390112049,1,1,1,4294967295.0,4294967295.0,1.0,0.0,1.0,4532630399.9998455,2323598399.999845
2043.712526,no_patch_legacy_only,240255103.99984455,-1968776897.0,2326190399.0,0.0,1907.6132248333158,1907.6132248016327,2043.712525635663,1,1,1,4294967295.0,4294967295.0,1.0,0.0,1.0,4535222399.999845,2326190399.9998446
2043.794661,no_patch_legacy_only,242847103.9998436,-1966184897.0,2328782399.0,0.0,1907.6953603569298,1907.6953603252466,2043.794661159277,1,1,1,4294967295.0,4294967295.0,1.0,0.0,1.0,4537814399.999844,2328782399.9998436
2043.876797,no_patch_legacy_only,245439103.99984264,-1963592897.0,2331374399.0,0.0,1907.7774958805437,1907.7774958488606,2043.876796682891,1,1,1,4294967295.0,4294967295.0,1.0,0.0,1.0,4540406399.999843,2331374399.999843
2043.958932,no_patch_legacy_only,248031103.99984264,-1961000897.0,2333966399.0,0.0,1907.8596314041577,1907.8596313724745,2043.9589322065049,1,1,1,4294967295.0,4294967295.0,1.0,0.0,1.0,4542998399.999843,2333966399.9998426
2044.041068,no_patch_legacy_only,250623103.9998417,-1958408897.0,2336558399.0,0.0,1907.9417669277716,1907.9417668960884,2044.0410677301188,1,1,1,4294967295.0,4294967295.0,1.0,0.0,1.0,4545590399.999842,2336558399.9998417
2044.123203,no_patch_legacy_only,253215103.99984074,-1955816897.0,2339150399.0,0.0,1908.0239024513855,1908.0239024197024,2044.1232032537328,1,1,1,4294967295.0,4294967295.0,1.0,0.0,1.0,4548182399.999841,2339150399.999841
2044.205339,no_patch_legacy_only,255807103.99984074,-1953224897.0,2341742399.0,0.0,1908.1060379749995,1908.1060379433163,2044.205338777347,1,1,1,4294967295.0,4294967295.0,1.0,0.0,1.0,4550774399.999841,2341742399.9998407
2044.287474,no_patch_legacy_only,258399103.99983978,-1950632897.0,2344334399.0,0.0,1908.1881734986134,1908.1881734669303,2044.2874743009609,1,1,1,4294967295.0,4294967295.0,1.0,0.0,1.0,4553366399.99984,2344334399.99984
2044.36961,no_patch_legacy_only,260991103.99983883,-1948040897.0,2346926399.0,0.0,1908.2703090222274,1908.2703089905442,2044.3696098245748,1,1,1,4294967295.0,4294967295.0,1.0,0.0,1.0,4555958399.999839,2346926399.9998393
2044.451745,no_patch_legacy_only,263583103.99983883,-1945448897.0,2349518399.0,0.0,1908.3524445458413,1908.3524445141582,2044.4517453481888,1,1,1,4294967295.0,4294967295.0,1.0,0.0,1.0,4558550399.999839,2349518399.9998384
2044.533881,no_patch_legacy_only,266175103.99983788,-1942856897.0,2352110399.0,0.0,1908.4345800694553,1908.434580037772,2044.5338808718027,1,1,1,4294967295.0,4294967295.0,1.0,0.0,1.0,4561142399.999838,2352110399.999838
2044.616016,no_patch_legacy_only,268767103.9998369,-1940264897.0,2354702399.0,0.0,1908.5167155930692,1908.5167155613863,2044.6160163954166,1,1,1,4294967295.0,4294967295.0,1.0,0.0,1.0,4563734399.999837,2354702399.9998374
2044.698152,no_patch_legacy_only,271359103.9998369,-1937672897.0,2357294399.0,0.0,1908.5988511166831,1908.5988510850002,2044.6981519190306,1,1,1,4294967295.0,4294967295.0,1.0,0.0,1.0,4566326399.999837,2357294399.9998364
2044.780287,no_patch_legacy_only,273951103.99983597,-1935080897.0,2359886399.0,0.0,1908.680986640297,1908.6809866086141,2044.7802874426445,1,1,1,4294967295.0,4294967295.0,1.0,0.0,1.0,4568918399.999836,2359886399.999836
2044.862423,no_patch_legacy_only,276543103.999835,-1932488897.0,2362478399.0,0.0,1908.763122163911,1908.763122132228,2044.8624229662585,1,1,1,4294967295.0,4294967295.0,1.0,0.0,1.0,4571510399.999835,2362478399.9998355
2044.944559,no_patch_legacy_only,279135103.999835,-1929896897.0,2365070399.0,0.0,1908.845257687525,1908.845257655842,2044.9445584898724,1,1,1,4294967295.0,4294967295.0,1.0,0.0,1.0,4574102399.999835,2365070399.9998345
2045.026694,no_patch_legacy_only,281727103.99983406,-1927304897.0,2367662399.0,0.0,1908.927393211139,1908.927393179456,2045.0266940134863,1,1,1,4294967295.0,4294967295.0,1.0,0.0,1.0,4576694399.999834,2367662399.999834
2045.10883,no_patch_legacy_only,284319103.9998331,-1924712897.0,2370254399.0,0.0,1909.0095287347528,1909.00952870307,2045.1088295371005,1,1,1,4294967295.0,4294967295.0,1.0,0.0,1.0,4579286399.999833,2370254399.9998336
2045.190965,no_patch_legacy_only,286911103.9998331,-1922120897.0,2372846399.0,0.0,1909.0916642583668,1909.0916642266839,2045.1909650607145,1,1,1,4294967295.0,4294967295.0,1.0,0.0,1.0,4581878399.999833,2372846399.9998326
2045.273101,no_patch_legacy_only,289503103.99983215,-1919528897.0,2375438399.0,0.0,1909.1737997819807,1909.1737997502978,2045.2731005843284,1,1,1,4294967295.0,4294967295.0,1.0,0.0,1.0,4584470399.999832,2375438399.999832
2045.355236,no_patch_legacy_only,292095103.9998312,-1916936897.0,2378030399.0,0.0,1909.2559353055947,1909.2559352739117,2045.3552361079423,1,1,1,4294967295.0,4294967295.0,1.0,0.0,1.0,4587062399.999831,2378030399.9998317
2045.437372,no_patch_legacy_only,294687103.9998312,-1914344897.0,2380622399.0,0.0,1909.3380708292086,1909.3380707975257,2045.4373716315563,1,1,1,4294967295.0,4294967295.0,1.0,0.0,1.0,4589654399.999831,2380622399.9998307
2045.519507,no_patch_legacy_only,297279103.99983025,-1911752897.0,2383214399.0,0.0,1909.4202063528226,1909.4202063211399,2045.5195071551702,1,1,1,4294967295.0,4294967295.0,1.0,0.0,1.0,4592246399.99983,2383214399.9998302
2045.601643,no_patch_legacy_only,299871103.9998293,-1909160897.0,2385806399.0,0.0,1909.5023418764365,1909.5023418447538,2045.6016426787842,1,1,1,4294967295.0,4294967295.0,1.0,0.0,1.0,4594838399.999829,2385806399.9998293
2045.683778,no_patch_legacy_only,302463103.9998293,-1906568897.0,2388398399.0,0.0,1909.5844774000504,1909.5844773683677,2045.6837782023981,1,1,1,4294967295.0,4294967295.0,1.0,0.0,1.0,4597430399.999829,2388398399.999829
2045.765914,no_patch_legacy_only,305055103.99982834,-1903976897.0,2390990399.0,0.0,1909.6666129236644,1909.6666128919817,2045.765913726012,1,1,1,4294967295.0,4294967295.0,1.0,0.0,1.0,4600022399.999828,2390990399.9998283
2045.848049,no_patch_legacy_only,307647103.9998274,-1901384897.0,2393582399.0,0.0,1909.7487484472783,1909.7487484155956,2045.848049249626,1,1,1,4294967295.0,4294967295.0,1.0,0.0,1.0,4602614399.999827,2393582399.9998274
2045.930185,no_patch_legacy_only,310239103.99982643,-1898792897.0,2396174399.0,0.0,1909.830883970892,1909.8308839392096,2045.93018477324,1,1,1,4294967295.0,4294967295.0,1.0,0.0,1.0,4605206399.999826,2396174399.999827
2046.01232,no_patch_legacy_only,312831103.99982643,-1896200897.0,2398766399.0,0.0,1909.9130194945062,1909.9130194628235,2046.0123202968539,1,1,1,4294967295.0,4294967295.0,1.0,0.0,1.0,4607798399.999826,2398766399.9998264
2046.094456,no_patch_legacy_only,315423103.9998255,-1893608897.0,2401358399.0,0.0,1909.9951550181202,1909.9951549864375,2046.094455820468,1,1,1,4294967295.0,4294967295.0,1.0,0.0,1.0,4610390399.9998255,2401358399.9998255
2046.176591,no_patch_legacy_only,318015103.9998245,-1891016897.0,2403950399.0,0.0,1910.077290541734,1910.0772905100514,2046.176591344082,1,1,1,4294967295.0,4294967295.0,1.0,0.0,1.0,4612982399.999825,2403950399.999825
2046.258727,no_patch_legacy_only,320607103.9998245,-1888424897.0,2406542399.0,0.0,1910.159426065348,1910.1594260336653,2046.258726867696,1,1,1,4294967295.0,4294967295.0,1.0,0.0,1.0,4615574399.999825,2406542399.9998245
2046.340862,no_patch_legacy_only,323199103.9998236,-1885832897.0,2409134399.0,0.0,1910.241561588962,1910.2415615572793,2046.3408623913099,1,1,1,4294967295.0,4294967295.0,1.0,0.0,1.0,4618166399.999824,2409134399.9998236
2046.422998,no_patch_legacy_only,325791103.9998226,-1883240897.0,2411726399.0,0.0,1910.323697112576,1910.3236970808935,2046.4229979149238,1,1,1,4294967295.0,4294967295.0,1.0,0.0,1.0,4620758399.999823,2411726399.999823
2046.505133,no_patch_legacy_only,328383103.9998226,-1880648897.0,2414318399.0,0.0,1910.4058326361899,1910.4058326045074,2046.5051334385378,1,1,1,4294967295.0,4294967295.0,1.0,0.0,1.0,4623350399.999823,2414318399.999822
2046.587269,no_patch_legacy_only,330975103.99982166,-1878056897.0,2416910399.0,0.0,1910.4879681598038,1910.4879681281213,2046.5872689621517,1,1,1,4294967295.0,4294967295.0,1.0,0.0,1.0,4625942399.999822,2416910399.9998217
2046.669405,no_patch_legacy_only,333567103.9998207,-1875464897.0,2419502399.0,0.0,1910.5701036834178,1910.5701036517353,2046.6694044857657,1,1,1,4294967295.0,4294967295.0,1.0,0.0,1.0,4628534399.999821,2419502399.999821
2046.75154,no_patch_legacy_only,336159103.9998207,-1872872897.0,2422094399.0,0.0,1910.6522392070317,1910.6522391753492,2046.7515400093796,1,1,1,4294967295.0,4294967295.0,1.0,0.0,1.0,4631126399.999821,2422094399.99982
2046.833676,no_patch_legacy_only,338751103.99981976,-1870280897.0,2424686399.0,0.0,1910.7343747306456,1910.7343746989632,2046.8336755329935,1,1,1,4294967295.0,4294967295.0,1.0,0.0,1.0,4633718399.99982,2424686399.9998198
2046.915811,no_patch_legacy_only,341343103.9998188,-1867688897.0,2427278399.0,0.0,1910.8165102542596,1910.816510222577,2046.9158110566077,1,1,1,4294967295.0,4294967295.0,1.0,0.0,1.0,4636310399.999819,2427278399.9998193
2046.997947,no_patch_legacy_only,343935103.9998188,-1865096897.0,2429870399.0,0.0,1910.8986457778735,1910.898645746191,2046.9979465802217,1,1,1,4294967295.0,4294967295.0,1.0,0.0,1.0,4638902399.999819,2429870399.9998183
2047.080082,no_patch_legacy_only,346527103.99981785,-1862504897.0,2432462399.0,0.0,1910.9807813014875,1910.980781269805,2047.0800821038356,1,1,1,4294967295.0,4294967295.0,1.0,0.0,1.0,4641494399.999818,2432462399.999818
2047.162218,no_patch_legacy_only,349119103.9998169,-1859912897.0,2435054399.0,0.0,1911.0629168251014,1911.062916793419,2047.1622176274495,1,1,1,4294967295.0,4294967295.0,1.0,0.0,1.0,4644086399.999817,2435054399.9998174
2047.244353,no_patch_legacy_only,351711103.9998169,-1857320897.0,2437646399.0,0.0,1911.1450523487154,1911.1450523170329,2047.2443531510635,1,1,1,4294967295.0,4294967295.0,1.0,0.0,1.0,4646678399.999817,2437646399.9998164
2047.326489,no_patch_legacy_only,354303103.99981594,-1854728897.0,2440238399.0,0.0,1911.2271878723293,1911.227187840647,2047.3264886746774,1,1,1,4294967295.0,4294967295.0,1.0,0.0,1.0,4649270399.999816,2440238399.999816
2047.408624,no_patch_legacy_only,356895103.999815,-1852136897.0,2442830399.0,0.0,1911.3093233959432,1911.309323364261,2047.4086241982914,1,1,1,4294967295.0,4294967295.0,1.0,0.0,1.0,4651862399.999815,2442830399.9998155
2047.49076,no_patch_legacy_only,359487103.999815,-1849544897.0,2445422399.0,0.0,1911.3914589195572,1911.391458887875,2047.4907597219053,1,1,1,4294967295.0,4294967295.0,1.0,0.0,1.0,4654454399.999815,2445422399.9998145
2047.572895,no_patch_legacy_only,362079103.99981403,-1846952897.0,2448014399.0,0.0,1911.4735944431711,1911.4735944114889,2047.5728952455192,1,1,1,4294967295.0,4294967295.0,1.0,0.0,1.0,4657046399.999814,2448014399.999814
2047.655031,no_patch_legacy_only,364671103.9998131,-1844360897.0,2450606399.0,0.0,1911.555729966785,1911.5557299351028,2047.6550307691332,1,1,1,4294967295.0,4294967295.0,1.0,0.0,1.0,4659638399.999813,2450606399.999813
2047.737166,no_patch_legacy_only,367263103.9998131,-1841768897.0,2453198399.0,0.0,1911.637865490399,1911.6378654587168,2047.7371662927471,1,1,1,4294967295.0,4294967295.0,1.0,0.0,1.0,4662230399.999813,2453198399.9998126
2047.819302,no_patch_legacy_only,369855103.9998121,-1839176897.0,2455790399.0,0.0,1911.720001014013,1911.7200009823307,2047.819301816361,1,1,1,4294967295.0,4294967295.0,1.0,0.0,1.0,4664822399.999812,2455790399.999812
2047.901437,no_patch_legacy_only,372447103.9998112,-1836584897.0,2458382399.0,0.0,1911.802136537627,1911.8021365059446,2047.9014373399752,1,1,1,4294967295.0,4294967295.0,1.0,0.0,1.0,4667414399.999811,2458382399.999811
2047.983573,no_patch_legacy_only,375039103.9998112,-1833992897.0,2460974399.0,0.0,1911.8842720612408,1911.8842720295586,2047.9835728635892,1,1,1,4294967295.0,4294967295.0,1.0,0.0,1.0,4670006399.999811,2460974399.9998107
2048.065708,no_patch_legacy_only,377631103.9998102,-1831400897.0,2463566399.0,0.0,1911.9664075848548,1911.9664075531725,2048.065708387203,1,1,1,4294967295.0,4294967295.0,1.0,0.0,1.0,4672598399.99981,2463566399.99981
2048.147844,no_patch_legacy_only,380223103.99980927,-1828808897.0,2466158399.0,0.0,1912.0485431084687,1912.0485430767865,2048.147843910817,1,1,1,4294967295.0,4294967295.0,1.0,0.0,1.0,4675190399.999809,2466158399.9998093
2048.229979,no_patch_legacy_only,382815103.9998083,-1826216897.0,2468750399.0,0.0,1912.1306786320827,1912.1306786004006,2048.229979434431,1,1,1,4294967295.0,4294967295.0,1.0,0.0,1.0,4677782399.999808,2468750399.999809
2048.312115,no_patch_legacy_only,385407103.9998083,-1823624897.0,2471342399.0,0.0,1912.2128141556966,1912.2128141240146,2048.312114958045,1,1,1,4294967295.0,4294967295.0,1.0,0.0,1.0,4680374399.999808,2471342399.9998083
2048.394251,no_patch_legacy_only,387999103.99980736,-1821032897.0,2473934399.0,0.0,1912.2949496793105,1912.2949496476285,2048.394250481659,1,1,1,4294967295.0,4294967295.0,1.0,0.0,1.0,4682966399.999807,2473934399.9998074
2048.476386,no_patch_legacy_only,390591103.9998064,-1818440897.0,2476526399.0,0.0,1912.3770852029245,1912.3770851712425,2048.476386005273,1,1,1,4294967295.0,4294967295.0,1.0,0.0,1.0,4685558399.999806,2476526399.999807
2048.558522,no_patch_legacy_only,393183103.9998064,-1815848897.0,2479118399.0,0.0,1912.4592207265384,1912.4592206948564,2048.558521528887,1,1,1,4294967295.0,4294967295.0,1.0,0.0,1.0,4688150399.999806,2479118399.999806
2048.640657,no_patch_legacy_only,395775103.99980545,-1813256897.0,2481710399.0,0.0,1912.5413562501524,1912.5413562184704,2048.640657052501,1,1,1,4294967295.0,4294967295.0,1.0,0.0,1.0,4690742399.999805,2481710399.9998055
2048.722793,no_patch_legacy_only,398367103.9998045,-1810664897.0,2484302399.0,0.0,1912.6234917737663,1912.6234917420843,2048.722792576115,1,1,1,4294967295.0,4294967295.0,1.0,0.0,1.0,4693334399.9998045,2484302399.999805
2048.804928,no_patch_legacy_only,400959103.9998045,-1808072897.0,2486894399.0,0.0,1912.7056272973803,1912.7056272656982,2048.804928099729,1,1,1,4294967295.0,4294967295.0,1.0,0.0,1.0,4695926399.9998045,2486894399.999804
2048.887064,no_patch_legacy_only,403551103.99980354,-1805480897.0,2489486399.0,0.0,1912.7877628209942,1912.7877627893122,2048.887063623343,1,1,1,4294967295.0,4294967295.0,1.0,0.0,1.0,4698518399.999804,2489486399.9998035
2048.969199,no_patch_legacy_only,406143103.9998026,-1802888897.0,2492078399.0,0.0,1912.8698983446081,1912.8698983129261,2048.9691991469567,1,1,1,4294967295.0,4294967295.0,1.0,0.0,1.0,4701110399.999803,2492078399.999803
2049.051335,no_patch_legacy_only,408735103.9998026,-1800296897.0,2494670399.0,0.0,1912.952033868222,1912.95203383654,2049.0513346705707,1,1,1,4294967295.0,4294967295.0,1.0,0.0,1.0,4703702399.999803,2494670399.999802
2049.13347,no_patch_legacy_only,411327103.99980164,-1797704897.0,2497262399.0,0.0,1913.034169391836,1913.0341693601542,2049.1334701941846,1,1,1,4294967295.0,4294967295.0,1.0,0.0,1.0,4706294399.999802,2497262399.9998016
2049.215606,no_patch_legacy_only,413919103.9998007,-1795112897.0,2499854399.0,0.0,1913.11630491545,1913.1163048837682,2049.2156057177986,1,1,1,4294967295.0,4294967295.0,1.0,0.0,1.0,4708886399.999801,2499854399.999801
2049.297741,no_patch_legacy_only,416511103.9998007,-1792520897.0,2502446399.0,0.0,1913.198440439064,1913.1984404073821,2049.2977412414125,1,1,1,4294967295.0,4294967295.0,1.0,0.0,1.0,4711478399.999801,2502446399.9998
2049.379877,no_patch_legacy_only,419103103.9997997,-1789928897.0,2505038399.0,0.0,1913.2805759626779,1913.280575930996,2049.3798767650264,1,1,1,4294967295.0,4294967295.0,1.0,0.0,1.0,4714070399.9998,2505038399.9997997
2049.462012,no_patch_legacy_only,421695103.9997988,-1787336897.0,2507630399.0,0.0,1913.3627114862918,1913.36271145461,2049.4620122886404,1,1,1,4294967295.0,4294967295.0,1.0,0.0,1.0,4716662399.999799,2507630399.9997993
2049.544148,no_patch_legacy_only,424287103.9997988,-1784744897.0,2510222399.0,0.0,1913.4448470099057,1913.444846978224,2049.5441478122543,1,1,1,4294967295.0,4294967295.0,1.0,0.0,1.0,4719254399.999799,2510222399.9997983
2049.626283,no_patch_legacy_only,426879103.9997978,-1782152897.0,2512814399.0,0.0,1913.5269825335197,1913.526982501838,2049.6262833358683,1,1,1,4294967295.0,4294967295.0,1.0,0.0,1.0,4721846399.999798,2512814399.999798
2049.708419,no_patch_legacy_only,429471103.99979687,-1779560897.0,2515406399.0,0.0,1913.6091180571336,1913.6091180254518,2049.708418859482,1,1,1,4294967295.0,4294967295.0,1.0,0.0,1.0,4724438399.999797,2515406399.999797
2049.790554,no_patch_legacy_only,432063103.99979687,-1776968897.0,2517998399.0,0.0,1913.6912535807476,1913.6912535490658,2049.790554383096,1,1,1,4294967295.0,4294967295.0,1.0,0.0,1.0,4727030399.999797,2517998399.9997964
2049.87269,no_patch_legacy_only,434655103.9997959,-1774376897.0,2520590399.0,0.0,1913.7733891043615,1913.7733890726797,2049.87268990671,1,1,1,4294967295.0,4294967295.0,1.0,0.0,1.0,4729622399.999796,2520590399.999796
2049.954825,no_patch_legacy_only,437247103.99979496,-1771784897.0,2523182399.0,0.0,1913.8555246279755,1913.8555245962937,2049.954825430324,1,1,1,4294967295.0,4294967295.0,1.0,0.0,1.0,4732214399.999795,2523182399.999795
2050.036961,no_patch_legacy_only,439839103.99979496,-1769192897.0,2525774399.0,0.0,1913.9376601515894,1913.9376601199078,2050.036960953938,1,1,1,4294967295.0,4294967295.0,1.0,0.0,1.0,4734806399.999795,2525774399.9997945
2024.0,slow_patch_baseline,3913142400.0,1704110400.0,1704110400.0,0.0,2024.0,2024.0,2024.0,0,0,0,0.0,0.0,0.4,0.05,0.4,3913142400.0,1704110400.0
2024.082136,slow_patch_baseline,3915734399.9999995,1706702399.0,1706702399.0,0.0,2024.082135523614,2024.0821354919258,2024.0821354919258,0,0,0,0.0,0.0,0.39836065803702525,0.05,0.4,3915734399.9999995,1706702399.9999993
2024.164271,slow_patch_baseline,3918326399.9999986,1709294399.0,1709294399.0,0.0,2024.1642710472279,2024.1642710155397,2024.1642710155397,0,0,0,0.0,0.0,0.3967280346792294,0.05,0.4,3918326399.9999986,1709294399.9999988
2024.246407,slow_patch_baseline,3920918399.999998,1711886399.0,1711886399.0,0.0,2024.2464065708418,2024.246406539154,2024.246406539154,0,0,0,0.0,0.0,0.39510210239138394,0.05,0.4,3920918399.999998,1711886399.999998
2024.328542,slow_patch_baseline,3923510399.9999976,1714478399.0,1714478399.0,0.0,2024.3285420944558,2024.3285420627678,2024.3285420627678,0,0,0,0.0,0.0,0.39348283375110954,0.05,0.4,3923510399.9999976,1714478399.9999974
2024.410678,slow_patch_baseline,3926102399.9999967,1717070399.0,1717070399.0,0.0,2024.4106776180697,2024.4106775863818,2024.4106775863818,0,0,0,0.0,0.0,0.39187020144841345,0.05,0.4,3926102399.9999967,1717070399.9999967
2024.492813,slow_patch_baseline,3928694399.999996,1719662399.0,1719662399.0,0.0,2024.4928131416837,2024.4928131099957,2024.4928131099957,0,0,0,0.0,0.0,0.3902641782852291,0.05,0.4,3928694399.999996,1719662399.9999962
2024.574949,slow_patch_baseline,3931286399.999995,1722254399.0,1722254399.0,0.0,2024.5749486652976,2024.5749486336097,2024.5749486336097,0,0,0,0.0,0.0,0.388664737174957,0.05,0.4,3931286399.999995,1722254399.9999955
2024.657084,slow_patch_baseline,3933878399.9999948,1724846399.0,1724846399.0,0.0,2024.6570841889115,2024.6570841572236,2024.6570841572236,0,0,0,0.0,0.0,0.38707185114200826,0.05,0.4,3933878399.9999948,1724846399.9999948
2024.73922,slow_patch_baseline,3936470399.9999943,1727438399.0,1727438399.0,0.0,2024.7392197125255,2024.7392196808376,2024.7392196808376,0,0,0,0.0,0.0,0.3854854933213497,0.05,0.4,3936470399.9999943,1727438399.9999943
2024.821355,slow_patch_baseline,3939062399.9999933,1730030399.0,1730030399.0,0.0,2024.8213552361394,2024.8213552044515,2024.8213552044515,0,0,0,0.0,0.0,0.3839056369580504,0.05,0.4,3939062399.9999933,1730030399.9999936
2024.903491,slow_patch_baseline,3941654399.999993,1732622399.0,1732622399.0,0.0,2024.9034907597534,2024.9034907280654,2024.9034907280654,0,0,0,0.0,0.0,0.3823322554068307,0.05,0.4,3941654399.999993,1732622399.9999928
2024.985626,slow_patch_baseline,3944246399.9999924,1735214399.0,1735214399.0,0.0,2024.9856262833673,2024.9856262516794,2024.9856262516794,0,0,0,0.0,0.0,0.3807653221316126,0.05,0.4,3944246399.9999924,1735214399.9999921
2025.067762,slow_patch_baseline,3946838399.9999914,1737806399.0,1737806399.0,0.0,2025.0677618069813,2025.0677617752935,2025.0677617752935,0,0,0,0.0,0.0,0.3792048107050727,0.05,0.4,3946838399.9999914,1737806399.9999917
2025.149897,slow_patch_baseline,3949430399.999991,1740398399.0,1740398399.0,0.0,2025.1498973305952,2025.1498972989075,2025.1498972989075,0,0,0,0.0,0.0,0.3776506948081959,0.05,0.4,3949430399.999991,1740398399.999991
2025.232033,slow_patch_baseline,3952022399.9999905,1742990399.0,1742990399.0,0.0,2025.2320328542091,2025.2320328225214,2025.2320328225214,0,0,0,0.0,0.0,0.3761029482298317,0.05,0.4,3952022399.9999905,1742990399.9999902
2025.314168,slow_patch_baseline,3954614399.9999895,1745582399.0,1745582399.0,0.0,2025.314168377823,2025.3141683461354,2025.3141683461354,0,0,0,0.0,0.0,0.3745615448662525,0.05,0.4,3954614399.9999895,1745582399.9999895
2025.396304,slow_patch_baseline,3957206399.999989,1748174399.0,1748174399.0,0.0,2025.396303901437,2025.3963038697493,2025.3963038697493,0,0,0,0.0,0.0,0.3730264587207127,0.05,0.4,3957206399.999989,1748174399.999989
2025.478439,slow_patch_baseline,3959798399.9999886,1750766399.0,1750766399.0,0.0,2025.478439425051,2025.4784393933633,2025.4784393933633,0,0,0,0.0,0.0,0.37149766390301087,0.05,0.4,3959798399.9999886,1750766399.9999883
2025.560575,slow_patch_baseline,3962390399.9999876,1753358399.0,1753358399.0,0.0,2025.560574948665,2025.5605749169772,2025.5605749169772,0,0,0,0.0,0.0,0.36997513462905257,0.05,0.4,3962390399.9999876,1753358399.9999876
2025.64271,slow_patch_baseline,3964982399.999987,1755950399.0,1755950399.0,0.0,2025.6427104722788,2025.6427104405911,2025.6427104405911,0,0,0,0.0,0.0,0.36845884522041594,0.05,0.4,3964982399.999987,1755950399.9999871
2025.724846,slow_patch_baseline,3967574399.999986,1758542399.0,1758542399.0,0.0,2025.7248459958928,2025.724845964205,2025.724845964205,0,0,0,0.0,0.0,0.3669487701039183,0.05,0.4,3967574399.999986,1758542399.9999864
2025.806982,slow_patch_baseline,3970166399.9999857,1761134399.0,1761134399.0,0.0,2025.8069815195067,2025.806981487819,2025.806981487819,0,0,0,0.0,0.0,0.36544488381118495,0.05,0.4,3970166399.9999857,1761134399.9999857
2025.889117,slow_patch_baseline,3972758399.999985,1763726399.0,1763726399.0,0.0,2025.8891170431207,2025.889117011433,2025.889117011433,0,0,0,0.0,0.0,0.36394716097821966,0.05,0.4,3972758399.999985,1763726399.999985
2025.971253,slow_patch_baseline,3975350399.9999843,1766318399.0,1766318399.0,0.0,2025.9712525667346,2025.971252535047,2025.971252535047,0,0,0,0.0,0.0,0.3624555763449768,0.05,0.4,3975350399.9999843,1766318399.9999845
2026.053388,slow_patch_baseline,3977942399.999984,1768910399.0,1768910399.0,0.0,2026.0533880903486,2026.053388058661,2026.053388058661,0,0,0,0.0,0.0,0.3609701047549355,0.05,0.4,3977942399.999984,1768910399.9999838
2026.135524,slow_patch_baseline,3980534399.9999833,1771502399.0,1771502399.0,0.0,2026.1355236139625,2026.135523582275,2026.135523582275,0,0,0,0.0,0.0,0.35949072115467506,0.05,0.4,3980534399.9999833,1771502399.999983
2026.217659,slow_patch_baseline,3983126399.9999824,1774094399.0,1774094399.0,0.0,2026.2176591375764,2026.217659105889,2026.217659105889,0,0,0,0.0,0.0,0.3580174005934528,0.05,0.4,3983126399.9999824,1774094399.9999826
2026.299795,slow_patch_baseline,3985718399.999982,1776686399.0,1776686399.0,0.0,2026.2997946611904,2026.299794629503,2026.299794629503,0,0,0,0.0,0.0,0.35655011822278276,0.05,0.4,3985718399.999982,1776686399.9999819
2026.38193,slow_patch_baseline,3988310399.9999814,1779278399.0,1779278399.0,0.0,2026.3819301848043,2026.3819301531169,2026.3819301531169,0,0,0,0.0,0.0,0.3550888492960172,0.05,0.4,3988310399.9999814,1779278399.9999812
2026.464066,slow_patch_baseline,3990902399.9999804,1781870399.0,1781870399.0,0.0,2026.4640657084183,2026.4640656767308,2026.4640656767308,0,0,0,0.0,0.0,0.3536335691679287,0.05,0.4,3990902399.9999804,1781870399.9999804
2026.546201,slow_patch_baseline,3993494399.99998,1784462399.0,1784462399.0,0.0,2026.5462012320322,2026.5462012003447,2026.5462012003447,0,0,0,0.0,0.0,0.3521842532942949,0.05,0.4,3993494399.99998,1784462399.99998
2026.628337,slow_patch_baseline,3996086399.999979,1787054399.0,1787054399.0,0.0,2026.6283367556462,2026.6283367239587,2026.6283367239587,0,0,0,0.0,0.0,0.35074087723148417,0.05,0.4,3996086399.999979,1787054399.9999793
2026.710472,slow_patch_baseline,3998678399.9999785,1789646399.0,1789646399.0,0.0,2026.71047227926,2026.7104722475726,2026.7104722475726,0,0,0,0.0,0.0,0.3493034166360438,0.05,0.4,3998678399.9999785,1789646399.9999785
2026.792608,slow_patch_baseline,4001270399.999978,1792238399.0,1792238399.0,0.0,2026.792607802874,2026.7926077711866,2026.7926077711866,0,0,0,0.0,0.0,0.347871847264289,0.05,0.4,4001270399.999978,1792238399.999978
2026.874743,slow_patch_baseline,4003862399.999977,1794830399.0,1794830399.0,0.0,2026.874743326488,2026.8747432948005,2026.8747432948005,0,0,0,0.0,0.0,0.3464461449718942,0.05,0.4,4003862399.999977,1794830399.9999774
2026.956879,slow_patch_baseline,4006454399.9999766,1797422399.0,1797422399.0,0.0,2026.956878850102,2026.9568788184147,2026.9568788184147,0,0,0,0.0,0.0,0.34502628571348604,0.05,0.4,4006454399.9999766,1797422399.9999766
2027.039014,slow_patch_baseline,4009046399.999976,1800014399.0,1800014399.0,0.0,2027.0390143737159,2027.0390143420286,2027.0390143420286,0,0,0,0.0,0.0,0.3436122455422374,0.05,0.4,4009046399.999976,1800014399.999976
2027.12115,slow_patch_baseline,4011638399.999975,1802606399.0,1802606399.0,0.0,2027.1211498973298,2027.1211498656426,2027.1211498656426,0,0,0,0.0,0.0,0.342204000609464,0.05,0.4,4011638399.999975,1802606399.9999754
2027.203285,slow_patch_baseline,4014230399.9999747,1805198399.0,1805198399.0,0.0,2027.2032854209438,2027.2032853892565,2027.2032853892565,0,0,0,0.0,0.0,0.3408015271642216,0.05,0.4,4014230399.9999747,1805198399.9999747
2027.285421,slow_patch_baseline,4016822399.9999743,1807790399.0,1807790399.0,0.0,2027.2854209445577,2027.2854209128704,2027.2854209128704,0,0,0,0.0,0.0,0.3394048015529061,0.05,0.4,4016822399.9999743,1807790399.999974
2027.367556,slow_patch_baseline,4019414399.9999733,1810382399.0,1810382399.0,0.0,2027.3675564681716,2027.3675564364844,2027.3675564364844,0,0,0,0.0,0.0,0.3380138002188541,0.05,0.4,4019414399.9999733,1810382399.9999735
2027.449692,slow_patch_baseline,4022006399.999973,1812974399.0,1812974399.0,0.0,2027.4496919917856,2027.4496919600983,2027.4496919600983,0,0,0,0.0,0.0,0.33662849970194575,0.05,0.4,4022006399.999973,1812974399.9999728
2027.531828,slow_patch_baseline,4024598399.9999723,1815566399.0,1815566399.0,0.0,2027.5318275153995,2027.5318274837123,2027.5318274837123,0,0,0,0.0,0.0,0.3352488766382091,0.05,0.4,4024598399.9999723,1815566399.999972
2027.613963,slow_patch_baseline,4027190399.9999714,1818158399.0,1818158399.0,0.0,2027.6139630390135,2027.6139630073262,2027.6139630073262,0,0,0,0.0,0.0,0.3338749077594262,0.05,0.4,4027190399.9999714,1818158399.9999714
2027.696099,slow_patch_baseline,4029782399.999971,1820750399.0,1820750399.0,0.0,2027.6960985626274,2027.6960985309402,2027.6960985309402,0,0,0,0.0,0.0,0.3325065698927403,0.05,0.4,4029782399.999971,1820750399.999971
2027.778234,slow_patch_baseline,4032374399.99997,1823342399.0,1823342399.0,0.0,2027.7782340862414,2027.778234054554,2027.778234054554,0,0,0,0.0,0.0,0.3311438399602653,0.05,0.4,4032374399.99997,1823342399.9999702
2027.86037,slow_patch_baseline,4034966399.9999695,1825934399.0,1825934399.0,0.0,2027.8603696098553,2027.8603695781683,2027.8603695781683,0,0,0,0.0,0.0,0.32978669497869667,0.05,0.4,4034966399.9999695,1825934399.9999695
2027.942505,slow_patch_baseline,4037558399.999969,1828526399.0,1828526399.0,0.0,2027.9425051334692,2027.9425051017822,2027.9425051017822,0,0,0,0.0,0.0,0.3284351120589233,0.05,0.4,4037558399.999969,1828526399.9999688
2028.024641,slow_patch_baseline,4040150399.999968,1831118399.0,1831118399.0,0.0,2028.0246406570832,2028.0246406253962,2028.0246406253962,0,0,0,0.0,0.0,0.327089068405642,0.05,0.4,4040150399.999968,1831118399.9999683
2028.106776,slow_patch_baseline,4042742399.9999676,1833710399.0,1833710399.0,0.0,2028.1067761806971,2028.10677614901,2028.10677614901,0,0,0,0.0,0.0,0.32574854131697273,0.05,0.4,4042742399.9999676,1833710399.9999676
2028.188912,slow_patch_baseline,4045334399.999967,1836302399.0,1836302399.0,0.0,2028.188911704311,2028.188911672624,2028.188911672624,0,0,0,0.0,0.0,0.3244135081840759,0.05,0.4,4045334399.999967,1836302399.9999669
2028.271047,slow_patch_baseline,4047926399.999966,1838894399.0,1838894399.0,0.0,2028.271047227925,2028.271047196238,2028.271047196238,0,0,0,0.0,0.0,0.3230839464907709,0.05,0.4,4047926399.999966,1838894399.9999664
2028.353183,slow_patch_baseline,4050518399.9999657,1841486399.0,1841486399.0,0.0,2028.353182751539,2028.353182719852,2028.353182719852,0,0,0,0.0,0.0,0.3217598338131563,0.05,0.4,4050518399.9999657,1841486399.9999657
2028.435318,slow_patch_baseline,4053110399.999965,1844078399.0,1844078399.0,0.0,2028.435318275153,2028.4353182434659,2028.4353182434659,0,0,0,0.0,0.0,0.32044114781923205,0.05,0.4,4053110399.999965,1844078399.999965
2028.517454,slow_patch_baseline,4055702399.999964,1846670399.0,1846670399.0,0.0,2028.5174537987668,2028.5174537670798,2028.5174537670798,0,0,0,0.0,0.0,0.3191278662685224,0.05,0.4,4055702399.999964,1846670399.9999642
2028.599589,slow_patch_baseline,4058294399.9999638,1849262399.0,1849262399.0,0.0,2028.5995893223808,2028.5995892906938,2028.5995892906938,0,0,0,0.0,0.0,0.3178199670117009,0.05,0.4,4058294399.9999638,1849262399.9999638
2028.681725,slow_patch_baseline,4060886399.9999633,1851854399.0,1851854399.0,0.0,2028.6817248459947,2028.6817248143077,2028.6817248143077,0,0,0,0.0,0.0,0.316517427990217,0.05,0.4,4060886399.9999633,1851854399.999963
2028.76386,slow_patch_baseline,4063478399.9999623,1854446399.0,1854446399.0,0.0,2028.7638603696087,2028.7638603379219,2028.7638603379219,0,0,0,0.0,0.0,0.31522022723592397,0.05,0.4,4063478399.9999623,1854446399.9999623
2028.845996,slow_patch_baseline,4066070399.999962,1857038399.0,1857038399.0,0.0,2028.8459958932226,2028.8459958615358,2028.8459958615358,0,0,0,0.0,0.0,0.31392834287070825,0.05,0.4,4066070399.999962,1857038399.9999619
2028.928131,slow_patch_baseline,4068662399.999961,1859630399.0,1859630399.0,0.0,2028.9281314168365,2028.9281313851498,2028.9281313851498,0,0,0,0.0,0.0,0.3126417531061205,0.05,0.4,4068662399.999961,1859630399.9999611
2029.010267,slow_patch_baseline,4071254399.9999604,1862222399.0,1862222399.0,0.0,2029.0102669404505,2029.0102669087637,2029.0102669087637,0,0,0,0.0,0.0,0.31136043624300835,0.05,0.4,4071254399.9999604,1862222399.9999604
2029.092402,slow_patch_baseline,4073846399.99996,1864814399.0,1864814399.0,0.0,2029.0924024640644,2029.0924024323776,2029.0924024323776,0,0,0,0.0,0.0,0.31008437067115013,0.05,0.4,4073846399.99996,1864814399.9999597
2029.174538,slow_patch_baseline,4076438399.999959,1867406399.0,1867406399.0,0.0,2029.1745379876784,2029.1745379559916,2029.1745379559916,0,0,0,0.0,0.0,0.3088135348688905,0.05,0.4,4076438399.999959,1867406399.9999592
2029.256674,slow_patch_baseline,4079030399.9999585,1869998399.0,1869998399.0,0.0,2029.2566735112923,2029.2566734796055,2029.2566734796055,0,0,0,0.0,0.0,0.3075479074027776,0.05,0.4,4079030399.9999585,1869998399.9999585
2029.338809,slow_patch_baseline,4081622399.999958,1872590399.0,1872590399.0,0.0,2029.3388090349063,2029.3388090032195,2029.3388090032195,0,0,0,0.0,0.0,0.30628746692720155,0.05,0.4,4081622399.999958,1872590399.9999578
2029.420945,slow_patch_baseline,4084214399.999957,1875182399.0,1875182399.0,0.0,2029.4209445585202,2029.4209445268334,2029.4209445268334,0,0,0,0.0,0.0,0.305032192184034,0.05,0.4,4084214399.999957,1875182399.9999573
2029.50308,slow_patch_baseline,4086806399.9999566,1877774399.0,1877774399.0,0.0,2029.5030800821341,2029.5030800504474,2029.5030800504474,0,0,0,0.0,0.0,0.30378206200227026,0.05,0.4,4086806399.9999566,1877774399.9999566
2029.585216,slow_patch_baseline,4089398399.999956,1880366399.0,1880366399.0,0.0,2029.585215605748,2029.5852155740613,2029.5852155740613,0,0,0,0.0,0.0,0.30253705529767194,0.05,0.4,4089398399.999956,1880366399.999956
2029.667351,slow_patch_baseline,4091990399.999955,1882958399.0,1882958399.0,0.0,2029.667351129362,2029.6673510976755,2029.6673510976755,0,0,0,0.0,0.0,0.3012971510724112,0.05,0.4,4091990399.999955,1882958399.9999552
2029.749487,slow_patch_baseline,4094582399.9999547,1885550399.0,1885550399.0,0.0,2029.749486652976,2029.7494866212894,2029.7494866212894,0,0,0,0.0,0.0,0.3000623284147168,0.05,0.4,4094582399.9999547,1885550399.9999547
2029.831622,slow_patch_baseline,4097174399.9999537,1888142399.0,1888142399.0,0.0,2029.83162217659,2029.8316221449033,2029.8316221449033,0,0,0,0.0,0.0,0.29883256649852136,0.05,0.4,4097174399.9999537,1888142399.999954
2029.913758,slow_patch_baseline,4099766399.9999533,1890734399.0,1890734399.0,0.0,2029.9137577002039,2029.9137576685173,2029.9137576685173,0,0,0,0.0,0.0,0.29760784458311024,0.05,0.4,4099766399.9999533,1890734399.9999533
2029.995893,slow_patch_baseline,4102358399.999953,1893326399.0,1893326399.0,0.0,2029.9958932238178,2029.9958931921312,2029.9958931921312,0,0,0,0.0,0.0,0.2963881420127713,0.05,0.4,4102358399.999953,1893326399.9999528
2030.078029,slow_patch_baseline,4104950399.999952,1895918399.0,1895918399.0,0.0,2030.0780287474317,2030.0780287157452,2030.0780287157452,0,0,0,0.0,0.0,0.2951734382164471,0.05,0.4,4104950399.999952,1895918399.999952
2030.160164,slow_patch_baseline,4107542399.9999514,1898510399.0,1898510399.0,0.0,2030.1601642710457,2030.1601642393591,2030.1601642393591,0,0,0,0.0,0.0,0.2939637127073877,0.05,0.4,4107542399.9999514,1898510399.9999514
2030.2423,slow_patch_baseline,4110134399.999951,1901102399.0,1901102399.0,0.0,2030.2422997946596,2030.242299762973,2030.242299762973,0,0,0,0.0,0.0,0.292758945082805,0.05,0.4,4110134399.999951,1901102399.9999506
2030.324435,slow_patch_baseline,4112726399.99995,1903694399.0,1903694399.0,0.0,2030.3244353182736,2030.324435286587,2030.324435286587,0,0,0,0.0,0.0,0.29155911502352877,0.05,0.4,4112726399.99995,1903694399.9999502
2030.406571,slow_patch_baseline,4115318399.9999495,1906286399.0,1906286399.0,0.0,2030.4065708418875,2030.406570810201,2030.406570810201,0,0,0,0.0,0.0,0.2903642022936641,0.05,0.4,4115318399.9999495,1906286399.9999495
2030.488706,slow_patch_baseline,4117910399.999949,1908878399.0,1908878399.0,0.0,2030.4887063655015,2030.488706333815,2030.488706333815,0,0,0,0.0,0.0,0.2891741867402499,0.05,0.4,4117910399.999949,1908878399.9999487
2030.570842,slow_patch_baseline,4120502399.999948,1911470399.0,1911470399.0,0.0,2030.5708418891154,2030.570841857429,2030.570841857429,0,0,0,0.0,0.0,0.2879890482929189,0.05,0.4,4120502399.999948,1911470399.999948
2030.652977,slow_patch_baseline,4123094399.9999475,1914062399.0,1914062399.0,0.0,2030.6529774127293,2030.652977381043,2030.652977381043,0,0,0,0.0,0.0,0.2868087669635595,0.05,0.4,4123094399.9999475,1914062399.9999475
2030.735113,slow_patch_baseline,4125686399.999947,1916654399.0,1916654399.0,0.0,2030.7351129363433,2030.735112904657,2030.735112904657,0,0,0,0.0,0.0,0.2856333228459785,0.05,0.4,4125686399.999947,1916654399.9999468
2030.817248,slow_patch_baseline,4128278399.999946,1919246399.0,1919246399.0,0.0,2030.8172484599572,2030.817248428271,2030.817248428271,0,0,0,0.0,0.0,0.28446269611556513,0.05,0.4,4128278399.999946,1919246399.999946
2030.899384,slow_patch_baseline,4130870399.9999456,1921838399.0,1921838399.0,0.0,2030.8993839835712,2030.8993839518848,2030.8993839518848,0,0,0,0.0,0.0,0.2832968670289571,0.05,0.4,4130870399.9999456,1921838399.9999456
2030.98152,slow_patch_baseline,4133462399.9999447,1924430399.0,1924430399.0,0.0,2030.981519507185,2030.9815194754988,2030.9815194754988,0,0,0,0.0,0.0,0.28213581592370746,0.05,0.4,4133462399.9999447,1924430399.999945
2031.063655,slow_patch_baseline,4136054399.999944,1927022399.0,1927022399.0,0.0,2031.063655030799,2031.0636549991127,2031.0636549991127,0,0,0,0.0,0.0,0.28097952321795283,0.05,0.4,4136054399.999944,1927022399.9999442
2031.145791,slow_patch_baseline,4138646399.9999437,1929614399.0,1929614399.0,0.0,2031.145790554413,2031.1457905227267,2031.1457905227267,0,0,0,0.0,0.0,0.27982796941008325,0.05,0.4,4138646399.9999437,1929614399.9999435
2031.227926,slow_patch_baseline,4141238399.999943,1932206399.0,1932206399.0,0.0,2031.227926078027,2031.2279260463406,2031.2279260463406,0,0,0,0.0,0.0,0.2786811350784133,0.05,0.4,4141238399.999943,1932206399.999943
2031.310062,slow_patch_baseline,4143830399.9999423,1934798399.0,1934798399.0,0.0,2031.3100616016409,2031.3100615699545,2031.3100615699545,0,0,0,0.0,0.0,0.2775390008808546,0.05,0.4,4143830399.9999423,1934798399.9999423
2031.392197,slow_patch_baseline,4146422399.999942,1937390399.0,1937390399.0,0.0,2031.3921971252548,2031.3921970935685,2031.3921970935685,0,0,0,0.0,0.0,0.2764015475545894,0.05,0.4,4146422399.999942,1937390399.9999416
2031.474333,slow_patch_baseline,4149014399.999941,1939982399.0,1939982399.0,0.0,2031.4743326488688,2031.4743326171827,2031.4743326171827,0,0,0,0.0,0.0,0.27526875591574584,0.05,0.4,4149014399.999941,1939982399.999941
2031.556468,slow_patch_baseline,4151606399.9999404,1942574399.0,1942574399.0,0.0,2031.5564681724827,2031.5564681407966,2031.5564681407966,0,0,0,0.0,0.0,0.27414060685907454,0.05,0.4,4151606399.9999404,1942574399.9999404
2031.638604,slow_patch_baseline,4154198399.99994,1945166399.0,1945166399.0,0.0,2031.6386036960967,2031.6386036644105,2031.6386036644105,0,0,0,0.0,0.0,0.27301708135762587,0.05,0.4,4154198399.99994,1945166399.9999397
2031.720739,slow_patch_baseline,4156790399.999939,1947758399.0,1947758399.0,0.0,2031.7207392197106,2031.7207391880245,2031.7207391880245,0,0,0,0.0,0.0,0.2718981604624297,0.05,0.4,4156790399.999939,1947758399.999939
2031.802875,slow_patch_baseline,4159382399.9999385,1950350399.0,1950350399.0,0.0,2031.8028747433245,2031.8028747116384,2031.8028747116384,0,0,0,0.0,0.0,0.27078382530217543,0.05,0.4,4159382399.9999385,1950350399.9999385
2031.88501,slow_patch_baseline,4161974399.9999375,1952942399.0,1952942399.0,0.0,2031.8850102669385,2031.8850102352524,2031.8850102352524,0,0,0,0.0,0.0,0.2696740570828937,0.05,0.4,4161974399.9999375,1952942399.9999378
2031.967146,slow_patch_baseline,4164566399.999937,1955534399.0,1955534399.0,0.0,2031.9671457905524,2031.9671457588663,2031.9671457588663,0,0,0,0.0,0.0,0.2685688370876396,0.05,0.4,4164566399.999937,1955534399.999937
2032.049281,slow_patch_baseline,4167158399.9999366,1958126399.0,1958126399.0,0.0,2032.0492813141664,2032.0492812824803,2032.0492812824803,0,0,0,0.0,0.0,0.26746814667617685,0.05,0.4,4167158399.9999366,1958126399.9999366
2032.131417,slow_patch_baseline,4169750399.9999356,1960718399.0,1960718399.0,0.0,2032.1314168377803,2032.1314168060942,2032.1314168060942,0,0,0,0.0,0.0,0.26637196728466345,0.05,0.4,4169750399.9999356,1960718399.9999359
2032.213552,slow_patch_baseline,4172342399.999935,1963310399.0,1963310399.0,0.0,2032.2135523613942,2032.2135523297081,2032.2135523297081,0,0,0,0.0,0.0,0.26528028042533874,0.05,0.4,4172342399.999935,1963310399.9999352
2032.295688,slow_patch_baseline,4174934399.9999347,1965902399.0,1965902399.0,0.0,2032.2956878850082,2032.295687853322,2032.295687853322,0,0,0,0.0,0.0,0.2641930676862113,0.05,0.4,4174934399.9999347,1965902399.9999344
2032.377823,slow_patch_baseline,4177526399.9999337,1968494399.0,1968494399.0,0.0,2032.3778234086221,2032.3778233769362,2032.3778233769362,0,0,0,0.0,0.0,0.2631103107307487,0.05,0.4,4177526399.9999337,1968494399.999934
2032.459959,slow_patch_baseline,4180118399.9999332,1971086399.0,1971086399.0,0.0,2032.459958932236,2032.4599589005502,2032.4599589005502,0,0,0,0.0,0.0,0.26203199129756805,0.05,0.4,4180118399.9999332,1971086399.9999332
2032.542094,slow_patch_baseline,4182710399.999933,1973678399.0,1973678399.0,0.0,2032.54209445585,2032.5420944241641,2032.5420944241641,0,0,0,0.0,0.0,0.2609580912001282,0.05,0.4,4182710399.999933,1973678399.9999325
2032.62423,slow_patch_baseline,4185302399.999932,1976270399.0,1976270399.0,0.0,2032.624229979464,2032.624229947778,2032.624229947778,0,0,0,0.0,0.0,0.25988859232642275,0.05,0.4,4185302399.999932,1976270399.9999318
2032.706366,slow_patch_baseline,4187894399.9999313,1978862399.0,1978862399.0,0.0,2032.706365503078,2032.706365471392,2032.706365471392,0,0,0,0.0,0.0,0.2588234766386749,0.05,0.4,4187894399.9999313,1978862399.9999313
2032.788501,slow_patch_baseline,4190486399.999931,1981454399.0,1981454399.0,0.0,2032.7885010266918,2032.788500995006,2032.788500995006,0,0,0,0.0,0.0,0.25776272617303286,0.05,0.4,4190486399.999931,1981454399.9999306
2032.870637,slow_patch_baseline,4193078399.99993,1984046399.0,1984046399.0,0.0,2032.8706365503058,2032.87063651862,2032.87063651862,0,0,0,0.0,0.0,0.25670632303926727,0.05,0.4,4193078399.99993,1984046399.99993
2032.952772,slow_patch_baseline,4195670399.9999294,1986638399.0,1986638399.0,0.0,2032.9527720739197,2032.9527720422338,2032.9527720422338,0,0,0,0.0,0.0,0.2556542494204692,0.05,0.4,4195670399.9999294,1986638399.9999294
2033.034908,slow_patch_baseline,4198262399.9999285,1989230399.0,1989230399.0,0.0,2033.0349075975337,2033.0349075658478,2033.0349075658478,0,0,0,0.0,0.0,0.25460648757274973,0.05,0.4,4198262399.9999285,1989230399.9999287
2033.117043,slow_patch_baseline,4200854399.999928,1991822399.0,1991822399.0,0.0,2033.1170431211476,2033.1170430894617,2033.1170430894617,0,0,0,0.0,0.0,0.25356301982494067,0.05,0.4,4200854399.999928,1991822399.999928
2033.199179,slow_patch_baseline,4203446399.9999275,1994414399.0,1994414399.0,0.0,2033.1991786447616,2033.1991786130757,2033.1991786130757,0,0,0,0.0,0.0,0.2525238285782966,0.05,0.4,4203446399.9999275,1994414399.9999273
2033.281314,slow_patch_baseline,4206038399.9999266,1997006399.0,1997006399.0,0.0,2033.2813141683755,2033.2813141366898,2033.2813141366898,0,0,0,0.0,0.0,0.2514888963061979,0.05,0.4,4206038399.9999266,1997006399.9999268
2033.36345,slow_patch_baseline,4208630399.999926,1999598399.0,1999598399.0,0.0,2033.3634496919894,2033.3634496603038,2033.3634496603038,0,0,0,0.0,0.0,0.2504582055538555,0.05,0.4,4208630399.999926,1999598399.999926
2033.445585,slow_patch_baseline,4211222399.9999256,2002190399.0,2002190399.0,0.0,2033.4455852156034,2033.4455851839177,2033.4455851839177,0,0,0,0.0,0.0,0.24943173893801604,0.05,0.4,4211222399.9999256,2002190399.9999254
2033.527721,slow_patch_baseline,4213814399.9999247,2004782399.0,2004782399.0,0.0,2033.5277207392173,2033.5277207075317,2033.5277207075317,0,0,0,0.0,0.0,0.24840947914666886,0.05,0.4,4213814399.9999247,2004782399.999925
2033.609856,slow_patch_baseline,4216406399.999924,2007374399.0,2007374399.0,0.0,2033.6098562628313,2033.6098562311456,2033.6098562311456,0,0,0,0.0,0.0,0.24739140893875425,0.05,0.4,4216406399.999924,2007374399.9999242
2033.691992,slow_patch_baseline,4218998399.9999237,2009966399.0,2009966399.0,0.0,2033.6919917864452,2033.6919917547596,2033.6919917547596,0,0,0,0.0,0.0,0.24637751114387238,0.05,0.4,4218998399.9999237,2009966399.9999235
2033.774127,slow_patch_baseline,4221590399.9999228,2012558399.0,2012558399.0,0.0,2033.7741273100592,2033.7741272783735,2033.7741272783735,0,0,0,0.0,0.0,0.24536776866199378,0.05,0.4,4221590399.9999228,2012558399.9999228
2033.856263,slow_patch_baseline,4224182399.9999223,2015150399.0,2015150399.0,0.0,2033.856262833673,2033.8562628019874,2033.8562628019874,0,0,0,0.0,0.0,0.24436216446317105,0.05,0.4,4224182399.9999223,2015150399.9999223
2033.938398,slow_patch_baseline,4226774399.9999213,2017742399.0,2017742399.0,0.0,2033.938398357287,2033.9383983256014,2033.9383983256014,0,0,0,0.0,0.0,0.24336068158725147,0.05,0.4,4226774399.9999213,2017742399.9999216
2034.020534,slow_patch_baseline,4229366399.999921,2020334399.0,2020334399.0,0.0,2034.020533880901,2034.0205338492153,2034.0205338492153,0,0,0,0.0,0.0,0.24236330314359114,0.05,0.4,4229366399.999921,2020334399.9999208
2034.102669,slow_patch_baseline,4231958399.9999204,2022926399.0,2022926399.0,0.0,2034.102669404515,2034.1026693728293,2034.1026693728293,0,0,0,0.0,0.0,0.24137001231077002,0.05,0.4,4231958399.9999204,2022926399.9999204
2034.184805,slow_patch_baseline,4234550399.9999194,2025518399.0,2025518399.0,0.0,2034.1848049281289,2034.1848048964434,2034.1848048964434,0,0,0,0.0,0.0,0.24038079233630805,0.05,0.4,4234550399.9999194,2025518399.9999197
2034.26694,slow_patch_baseline,4237142399.999919,2028110399.0,2028110399.0,0.0,2034.2669404517428,2034.2669404200574,2034.2669404200574,0,0,0,0.0,0.0,0.23939562653638294,0.05,0.4,4237142399.999919,2028110399.999919
2034.349076,slow_patch_baseline,4239734399.9999185,2030702399.0,2030702399.0,0.0,2034.3490759753568,2034.3490759436713,2034.3490759436713,0,0,0,0.0,0.0,0.23841449829554864,0.05,0.4,4239734399.9999185,2030702399.9999182
2034.431211,slow_patch_baseline,4242326399.9999175,2033294399.0,2033294399.0,0.0,2034.4312114989707,2034.4312114672853,2034.4312114672853,0,0,0,0.0,0.0,0.2374373910664549,0.05,0.4,4242326399.9999175,2033294399.9999177
2034.513347,slow_patch_baseline,4244918399.999917,2035886399.0,2035886399.0,0.0,2034.5133470225846,2034.5133469908992,2034.5133469908992,0,0,0,0.0,0.0,0.23646428836956868,0.05,0.4,4244918399.999917,2035886399.999917
2034.595483,slow_patch_baseline,4247510399.9999166,2038478399.0,2038478399.0,0.0,2034.5954825461986,2034.5954825145132,2034.5954825145132,0,0,0,0.0,0.0,0.2354951737928957,0.05,0.4,4247510399.9999166,2038478399.9999163
2034.677618,slow_patch_baseline,4250102399.9999156,2041070399.0,2041070399.0,0.0,2034.6776180698125,2034.677618038127,2034.677618038127,0,0,0,0.0,0.0,0.2345300309917039,0.05,0.4,4250102399.9999156,2041070399.9999158
2034.759754,slow_patch_baseline,4252694399.999915,2043662399.0,2043662399.0,0.0,2034.7597535934265,2034.759753561741,2034.759753561741,0,0,0,0.0,0.0,0.23356884368824768,0.05,0.4,4252694399.999915,2043662399.9999151
2034.841889,slow_patch_baseline,4255286399.9999146,2046254399.0,2046254399.0,0.0,2034.8418891170404,2034.841889085355,2034.841889085355,0,0,0,0.0,0.0,0.23261159567149356,0.05,0.4,4255286399.9999146,2046254399.9999144
2034.924025,slow_patch_baseline,4257878399.9999137,2048846399.0,2048846399.0,0.0,2034.9240246406544,2034.924024608969,2034.924024608969,0,0,0,0.0,0.0,0.23165827079684656,0.05,0.4,4257878399.9999137,2048846399.9999137
2035.00616,slow_patch_baseline,4260470399.999913,2051438399.0,2051438399.0,0.0,2035.0061601642683,2035.0061601325829,2035.0061601325829,0,0,0,0.0,0.0,0.23070885298587795,0.05,0.4,4260470399.999913,2051438399.9999132
2035.088296,slow_patch_baseline,4263062399.9999123,2054030399.0,2054030399.0,0.0,2035.0882956878822,2035.0882956561968,2035.0882956561968,0,0,0,0.0,0.0,0.2297633262260541,0.05,0.4,4263062399.9999123,2054030399.9999125
2035.170431,slow_patch_baseline,4265654399.999912,2056622399.0,2056622399.0,0.0,2035.1704312114962,2035.170431179811,2035.170431179811,0,0,0,0.0,0.0,0.22882167457046654,0.05,0.4,4265654399.999912,2056622399.9999118
2035.252567,slow_patch_baseline,4268246399.9999113,2059214399.0,2059214399.0,0.0,2035.2525667351101,2035.252566703425,2035.252566703425,0,0,0,0.0,0.0,0.22788388213756272,0.05,0.4,4268246399.9999113,2059214399.999911
2035.334702,slow_patch_baseline,4270838399.9999104,2061806399.0,2061806399.0,0.0,2035.334702258724,2035.3347022270389,2035.3347022270389,0,0,0,0.0,0.0,0.2269499331108784,0.05,0.4,4270838399.9999104,2061806399.9999106
2035.416838,slow_patch_baseline,4273430399.99991,2064398399.0,2064398399.0,0.0,2035.416837782338,2035.4168377506528,2035.4168377506528,0,0,0,0.0,0.0,0.22601981173877098,0.05,0.4,4273430399.99991,2064398399.9999099
2035.498973,slow_patch_baseline,4276022399.9999094,2066990399.0,2066990399.0,0.0,2035.498973305952,2035.4989732742667,2035.4989732742667,0,0,0,0.0,0.0,0.22509350233415343,0.05,0.4,4276022399.9999094,2066990399.9999092
2035.581109,slow_patch_baseline,4278614399.9999084,2069582399.0,2069582399.0,0.0,2035.581108829566,2035.5811087978807,2035.5811087978807,0,0,0,0.0,0.0,0.22417098927423007,0.05,0.4,4278614399.9999084,2069582399.9999087
2035.663244,slow_patch_baseline,4281206399.999908,2072174399.0,2072174399.0,0.0,2035.6632443531798,2035.6632443214946,2035.6632443214946,0,0,0,0.0,0.0,0.22325225700023302,0.05,0.4,4281206399.999908,2072174399.999908
2035.74538,slow_patch_baseline,4283798399.9999075,2074766399.0,2074766399.0,0.0,2035.7453798767938,2035.7453798451086,2035.7453798451086,0,0,0,0.0,0.0,0.22233729001715974,0.05,0.4,4283798399.9999075,2074766399.9999073
2035.827515,slow_patch_baseline,4286390399.9999065,2077358399.0,2077358399.0,0.0,2035.8275154004077,2035.8275153687225,2035.8275153687225,0,0,0,0.0,0.0,0.22142607289351168,0.05,0.4,4286390399.9999065,2077358399.9999065
2035.909651,slow_patch_baseline,4288982399.999906,2079950399.0,2079950399.0,0.0,2035.9096509240217,2035.9096508923365,2035.9096508923365,0,0,0,0.0,0.0,0.22051859026103404,0.05,0.4,4288982399.999906,2079950399.999906
2035.991786,slow_patch_baseline,4291574399.9999056,2082542399.0,2082542399.0,0.0,2035.9917864476356,2035.9917864159506,2035.9917864159506,0,0,0,0.0,0.0,0.21961482681445665,0.05,0.4,4291574399.9999056,2082542399.9999053
2036.073922,slow_patch_baseline,4294166399.9999046,2085134399.0,2085134399.0,0.0,2036.0739219712495,2036.0739219395646,2036.0739219395646,0,0,0,0.0,0.0,0.2187147673112357,0.05,0.4,4294166399.9999046,2085134399.9999046
2036.156057,slow_patch_baseline,1791103.999903679,2087726399.0,2087726399.0,0.0,1900.0567566608331,2036.1560574631785,2036.1560574631785,1,1,0,4294967295.0,0.0,0.21781839657129676,0.05,0.4,4296758399.999904,2087726399.9999042
2036.238193,slow_patch_baseline,4383103.999903679,2090318399.0,2090318399.0,0.0,1900.138892184447,2036.2381929867925,2036.2381929867925,0,1,0,4294967295.0,0.0,0.21692569947677875,0.05,0.4,4299350399.999904,2090318399.9999034
